2196 2927
1748 184 1837 228 XV

336 326 384 367 In
422 322 688 381 synonymis
725 320 916 362 citandis
954 333 1057 371 non,
1108 329 1160 362 ut
1198 321 1329 362 multi
1366 320 1565 367 faciunt,
1629 328 1834 361 anteces-

162 425 307 454 sorum
355 412 516 452 tradita
562 423 662 450 cuin
710 407 926 448 erroribus
974 407 1218 462 exscripsi,
1284 406 1362 447 sed
1410 407 1538 447 nulla
1574 406 1706 461 posui
1748 406 1834 446 nisi

161 499 346 539 collatis
401 495 657 537 auctoribus
695 502 741 534 et
788 494 901 534 bene
956 493 1264 534 consentiente
1321 505 1424 532 cum
1479 491 1588 546 ipsis
1643 491 1834 543 objectis

163 584 341 625 iconum
378 582 457 622 vel
494 579 847 635 descriptionum
885 579 987 619 side.
1080 577 1201 620 Hinc
1240 578 1287 617 in
1323 578 1440 618 bene
1478 576 1595 617 notis
1634 586 1678 618 et
1714 576 1835 618 nulli

162 669 312 710 dubiis
350 668 588 723 speciebus
643 665 824 706 facilem
864 664 1014 711 illam,
1079 663 1157 704 sed
1202 676 1365 705 vanam
1403 662 1702 703 eruditionem
1741 676 1836 702 sae·

162 754 264 810 pius
301 753 489 811 neglexi
509 766 523 805 3
579 752 625 793 in
663 750 996 792 difficilioribus
1034 764 1166 799 vero,
1218 748 1477 805 praesertim
1516 748 1697 788 vexatis
1736 759 1839 801 spe-

162 839 342 888 ciebus,
408 839 606 879 omnium
654 837 733 893 qui
772 836 827 877 ad
867 850 1021 877 manus
1068 836 1251 877 fuerunt
1297 834 1547 876 Auctorum
1584 833 1841 887 Synonyma

163 925 406 983 diligenter
444 923 599 966 citavi.
674 922 820 964 [eones
857 922 1016 963 addidi
1053 935 1271 963 novarum
1290 919 1552 977 praesertim
1573 918 1841 974 specierum,

162 1012 243 1051 vel
281 1024 466 1065 quarum
505 1010 648 1050 minus
686 1009 829 1050 bonae
868 1016 1074 1059 exstant,
1140 1021 1349 1064 quaeque
1386 1019 1469 1062 pro
1506 1003 1842 1061 comparatione

165 1096 436 1136 videbantur
473 1094 763 1135 necessariae.

338 1180 584 1235 Expeditis
624 1180 676 1220 iis
715 1192 831 1235 quae
871 1178 1062 1219 dicenda
1102 1188 1227 1220 erant
1264 1176 1555 1224 Lector-ibim,
1591 1188 1739 1232 pauca
1760 1188 1841 1231 pro

164 1267 220 1307 iis
259 1266 444 1313 addam,
483 1265 562 1322 qui
601 1264 830 1306 Historiae
867 1264 1084 1306 naturalis
1123 1264 1378 1306 cultoribus
1417 1262 1629 1304 minutias
1660 1270 1706 1304 et
1737 1261 1843 1301 sub-

165 1352 356 1393 tilitates
400 1352 696 1407 exprobrant,
777 1359 823 1392 et
871 1351 1053 1392 inutilia
1101 1351 1239 1409 longe
1284 1349 1483 1406 plurima
1528 1362 1609 1389 nos
1654 1355 1845 1388 tractare

166 1438 403 1479 cavillant.
487 1436 572 1478 His
610 1451 699 1478 non
745 1450 972 1492 opponam
1021 1436 1252 1477 commoda
1289 1449 1406 1492 quae
1446 1449 1505 1476 ex
1542 1435 1676 1475 rebus
1713 1440 1846 1473 natu-

171 1524 337 1564 ralibus
376 1524 606 1578 quondum
644 1524 872 1578 despectis
910 1537 1017 1564 usus
1055 1522 1264 1571 edocuit,
1307 1521 1446 1562 hodie
1485 1519 1651 1575 passim
1690 1518 1737 1559 in
1775 1518 1847 1559 lti-

168 1622 262 1648 cem
303 1608 473 1663 profert
510 1607 703 1648 Naturae
742 1607 964 1655 studium,
1002 1607 1140 1660 inque
1178 1615 1407 1660 posterum
1433 1604 1527 1645 sine
1557 1603 1697 1644 dubio
1718 1616 1848 1658 prae·

170 1692 340 1744 stabit,
420 1705 569 1747 neque
617 1691 844 1749 gloriabor
890 1700 1106 1746 quantum
1155 1691 1354 1745 penitior
1397 1689 1592 1730 Naturae
1639 1686 1844 1745 cognitio

169 1778 329 1819 nostris
366 1777 644 1833 temporibus
681 1776 901 1833 profuerit
937 1775 1266 1825 Oeconomiae,
1305 1774 1581 1823 Medicinae,
1620 1772 1845 1815 technicis

170 1864 338 1904 artibus
386 1872 465 1904 aut
512 1877 645 1920 quam
690 1862 939 1904 necessaria
987 1863 1044 1904 sit
1080 1863 1125 1903 in
1165 1860 1497 1920 distinguendis
1536 1859 1728 1900 utilibus
1766 1859 1846 1900 vel

170 1949 332 1990 noxiis,
406 1949 474 1990 Ea
512 1952 630 1991 enim
668 1948 931 2007 gravissima
969 1949 1148 1990 abunde
1187 1955 1498 2003 exposuerunt
1534 1947 1619 1998 jam
1659 1943 1847 2000 plurimi

172 2043 218 2075 et
254 2035 464 2090 princeps
503 2044 638 2091 atque
677 2035 943 2076 solidissime
982 2034 1050 2076 Ill.
1090 2034 1382 2075 Linizaeus.
1459 2032 1602 2087 quue
1641 2030 1751 2071 licet
1780 2028 1848 2070 in-

171 2118 293 2162 ficias
340 2120 403 2161 ire
451 2131 678 2177 nequeant
724 2122 1065 2174 detrectatores,
1128 2129 1276 2161 tamen
1323 2118 1567 2161 inutilibus
1614 2124 1850 2172 praeterea

171 2204 380 2261 plurimis
417 2219 496 2246 nos
525 2207 754 2247 inhaerere
779 2215 915 2261 atque
935 2219 1050 2247 vana
1072 2215 1151 2247 aut
1175 2205 1630 2261 adiaphoraoperose
1660 2210 1849 2243 tractare

173 2290 474 2342 objiciunt.—
527 2291 749 2338 Qaaerum
803 2293 886 2333 hos
940 2293 1122 2348 potius:
1187 2305 1335 2332 nonne
1383 2291 1430 2331 in
1467 2289 1587 2330 omni
1643 2286 1848 2334 scientia,

174 2389 446 2433 quacunque
485 2378 662 2419 demum
681 2378 1032 2420 homuncionum
1062 2378 1296 2420 socialium
1334 2376 1518 2435 ingenia
1548 2381 1845 2430 occupantur,
