<?xml version="1.0" encoding="UTF-8"?>
<!DOCTYPE html PUBLIC "-//W3C//DTD XHTML 1.0 Transitional//EN"
    "http://www.w3.org/TR/xhtml1/DTD/xhtml1-transitional.dtd">
<html xmlns="http://www.w3.org/1999/xhtml" xml:lang="en" lang="en">
 <head>
  <title>
</title>
<meta http-equiv="Content-Type" content="text/html;charset=utf-8" />
  <meta name='ocr-system' content='tesseract 3.04.00' />
  <meta name='ocr-capabilities' content='ocr_page ocr_carea ocr_par ocr_line ocrx_word'/>
</head>
<body>
  <div class='ocr_page' id='page_1' title='image "./zoographiarossoa11831pall_0063.png"; bbox 0 0 2196 2927; ppageno 0'>
   <div class='ocr_carea' id='block_1_1' title="bbox 217 293 1670 575">
    <p class='ocr_par' dir='ltr' id='par_1_1' title="bbox 218 293 1008 351">
     <span class='ocr_line' id='line_1_1' title="bbox 218 293 1008 351; baseline -0.005 -16"><span class='ocrx_word' id='word_1_1' title='bbox 218 295 390 336; x_wconf 87' lang='lat' dir='ltr'>Rossice</span> <span class='ocrx_word' id='word_1_2' title='bbox 418 293 670 351; x_wconf 81' lang='lat' dir='ltr'>pellionibus</span> <span class='ocrx_word' id='word_1_3' title='bbox 705 293 859 335; x_wconf 83' lang='lat' dir='ltr'>dicitur</span> <span class='ocrx_word' id='word_1_4' title='bbox 885 296 1008 346; x_wconf 80' lang='lat' dir='ltr'>Byrs.</span> 
     </span>
    </p>

    <p class='ocr_par' dir='ltr' id='par_1_2' title="bbox 220 367 1138 425">
     <span class='ocr_line' id='line_1_2' title="bbox 220 367 1138 425; baseline -0.005 -14"><span class='ocrx_word' id='word_1_5' title='bbox 220 370 463 425; x_wconf 81' lang='lat' dir='ltr'>Georgianis</span> <span class='ocrx_word' id='word_1_6' title='bbox 491 371 653 425; x_wconf 77' lang='lat' dir='ltr'>Aptari.</span> <span class='ocrx_word' id='word_1_7' title='bbox 710 367 823 408; x_wconf 89' lang='lat' dir='ltr'>Indis</span> <span class='ocrx_word' id='word_1_8' title='bbox 854 368 1138 421; x_wconf 67' lang='lat' dir='ltr'>Bahgglzerhh.</span> 
     </span>
    </p>

    <p class='ocr_par' dir='ltr' id='par_1_3' title="bbox 217 442 1670 575">
     <span class='ocr_line' id='line_1_3' title="bbox 218 442 1670 497; baseline -0.001 -12"><span class='ocrx_word' id='word_1_9' title='bbox 218 446 364 486; x_wconf 84' lang='lat' dir='ltr'>Turcis</span> <span class='ocrx_word' id='word_1_10' title='bbox 393 458 435 486; x_wconf 86' lang='lat' dir='ltr'>et</span> <span class='ocrx_word' id='word_1_11' title='bbox 462 443 593 485; x_wconf 87' lang='lat' dir='ltr'>Persis</span> <span class='ocrx_word' id='word_1_12' title='bbox 623 444 771 495; x_wconf 71' lang='lat' dir='ltr'>Kaskar</span> <span class='ocrx_word' id='word_1_13' title='bbox 799 444 931 497; x_wconf 87' lang='lat' dir='ltr'>(quod</span> <span class='ocrx_word' id='word_1_14' title='bbox 960 443 1159 482; x_wconf 83' lang='lat' dir='ltr'>cadavera</span> <span class='ocrx_word' id='word_1_15' title='bbox 1188 442 1356 491; x_wconf 77' lang='lat' dir='ltr'>effodit,</span> <span class='ocrx_word' id='word_1_16' title='bbox 1385 445 1492 484; x_wconf 76' lang='lat' dir='ltr'>della</span> <span class='ocrx_word' id='word_1_17' title='bbox 1522 447 1670 497; x_wconf 74' lang='lat' dir='ltr'>Valle.)</span> 
     </span>
     <span class='ocr_line' id='line_1_4' title="bbox 217 516 1642 575; baseline -0.002 -14"><span class='ocrx_word' id='word_1_18' title='bbox 217 520 425 575; x_wconf 82' lang='lat' dir='ltr'>Mongolis</span> <span class='ocrx_word' id='word_1_19' title='bbox 454 530 496 559; x_wconf 85' lang='lat' dir='ltr'>et</span> <span class='ocrx_word' id='word_1_20' title='bbox 524 518 757 560; x_wconf 86' lang='lat' dir='ltr'>Calmuccis</span> <span class='ocrx_word' id='word_1_21' title='bbox 786 517 988 570; x_wconf 85' lang='lat' dir='ltr'>(nomine,</span> <span class='ocrx_word' id='word_1_22' title='bbox 1017 516 1060 557; x_wconf 89' lang='lat' dir='ltr'>ni</span> <span class='ocrx_word' id='word_1_23' title='bbox 1087 517 1210 558; x_wconf 84' lang='lat' dir='ltr'>fallor</span> <span class='ocrx_word' id='word_1_24' title='bbox 1232 520 1489 572; x_wconf 81' lang='lat' dir='ltr'>Fangutano)</span> <span class='ocrx_word' id='word_1_25' title='bbox 1520 521 1642 560; x_wconf 85' lang='lat' dir='ltr'>Dom.</span> 
     </span>
    </p>
   </div>
   <div class='ocr_carea' id='block_1_2' title="bbox 100 670 1781 1848">
    <p class='ocr_par' dir='ltr' id='par_1_4' title="bbox 100 670 1781 1848">
     <span class='ocr_line' id='line_1_5' title="bbox 241 670 1776 727; baseline 0.001 -16"><span class='ocrx_word' id='word_1_26' title='bbox 241 675 410 727; x_wconf 86' lang='lat' dir='ltr'>Hyaena</span> <span class='ocrx_word' id='word_1_27' title='bbox 438 670 625 712; x_wconf 86' lang='lat' dir='ltr'>Asiatica</span> <span class='ocrx_word' id='word_1_28' title='bbox 651 675 706 725; x_wconf 72' lang='lat'>(*)</span> <span class='ocrx_word' id='word_1_29' title='bbox 735 688 818 713; x_wconf 90' lang='lat' dir='ltr'>non</span> <span class='ocrx_word' id='word_1_30' title='bbox 846 671 1084 727; x_wconf 80' lang='lat' dir='ltr'>infrequens</span> <span class='ocrx_word' id='word_1_31' title='bbox 1122 670 1166 711; x_wconf 89' lang='lat' dir='ltr'>in</span> <span class='ocrx_word' id='word_1_32' title='bbox 1196 672 1483 727; x_wconf 84' lang='lat' dir='ltr'>promontorio</span> <span class='ocrx_word' id='word_1_33' title='bbox 1512 671 1776 713; x_wconf 81' lang='lat' dir='ltr'>meridionali</span> 
     </span>
     <span class='ocr_line' id='line_1_6' title="bbox 110 745 1778 802; baseline -0.001 -13"><span class='ocrx_word' id='word_1_34' title='bbox 110 747 281 790; x_wconf 76' lang='lat' dir='ltr'>Caucasi</span> <span class='ocrx_word' id='word_1_35' title='bbox 310 748 536 787; x_wconf 85' lang='lat' dir='ltr'>secundum</span> <span class='ocrx_word' id='word_1_36' title='bbox 566 747 723 801; x_wconf 87' lang='lat' dir='ltr'>Cyrum</span> <span class='ocrx_word' id='word_1_37' title='bbox 752 763 917 788; x_wconf 85' lang='lat' dir='ltr'>amnem</span> <span class='ocrx_word' id='word_1_38' title='bbox 958 749 1221 795; x_wconf 71' lang='lat' dir='ltr'>decurrente,</span> <span class='ocrx_word' id='word_1_39' title='bbox 1264 745 1509 802; x_wconf 85' lang='lat' dir='ltr'>praesertim</span> <span class='ocrx_word' id='word_1_40' title='bbox 1536 745 1579 786; x_wconf 90' lang='lat' dir='ltr'>in</span> <span class='ocrx_word' id='word_1_41' title='bbox 1609 747 1778 802; x_wconf 73' lang='lat' dir='ltr'>regione</span> 
     </span>
     <span class='ocr_line' id='line_1_7' title="bbox 106 821 1780 878; baseline 0 -15"><span class='ocrx_word' id='word_1_42' title='bbox 106 823 258 872; x_wconf 81' lang='lat' dir='ltr'>Ateni,</span> <span class='ocrx_word' id='word_1_43' title='bbox 301 822 409 862; x_wconf 86' lang='lat' dir='ltr'>ostio</span> <span class='ocrx_word' id='word_1_44' title='bbox 437 824 476 862; x_wconf 87' lang='lat' dir='ltr'>fl.</span> <span class='ocrx_word' id='word_1_45' title='bbox 507 821 696 862; x_wconf 84' lang='lat' dir='ltr'>Liachwi</span> <span class='ocrx_word' id='word_1_46' title='bbox 725 823 934 878; x_wconf 86' lang='lat' dir='ltr'>opposita,</span> <span class='ocrx_word' id='word_1_47' title='bbox 978 822 1088 861; x_wconf 85' lang='lat' dir='ltr'>unde</span> <span class='ocrx_word' id='word_1_48' title='bbox 1129 823 1261 877; x_wconf 86' lang='lat' dir='ltr'>pelles</span> <span class='ocrx_word' id='word_1_49' title='bbox 1303 821 1531 877; x_wconf 72' lang='lat' dir='ltr'>reportavit</span> <span class='ocrx_word' id='word_1_50' title='bbox 1569 823 1780 877; x_wconf 87' lang='lat' dir='ltr'>quondam</span> 
     </span>
     <span class='ocr_line' id='line_1_8' title="bbox 104 896 1780 953; baseline -0.001 -15"><span class='ocrx_word' id='word_1_51' title='bbox 104 903 380 938; x_wconf 70' lang='lat' dir='ltr'><em>meritissimus</em></span> <span class='ocrx_word' id='word_1_52' title='bbox 408 897 811 938; x_wconf 64' lang='lat' dir='ltr'>Galslenseaedt.</span> <span class='ocrx_word' id='word_1_53' title='bbox 870 901 995 938; x_wconf 88' lang='lat' dir='ltr'>Porro</span> <span class='ocrx_word' id='word_1_54' title='bbox 1024 897 1205 938; x_wconf 83' lang='lat' dir='ltr'>occurrit</span> <span class='ocrx_word' id='word_1_55' title='bbox 1235 898 1360 953; x_wconf 78' lang='lat' dir='ltr'>vulgo</span> <span class='ocrx_word' id='word_1_56' title='bbox 1388 897 1432 937; x_wconf 89' lang='lat' dir='ltr'>in</span> <span class='ocrx_word' id='word_1_57' title='bbox 1462 896 1672 938; x_wconf 83' lang='lat' dir='ltr'>montibus</span> <span class='ocrx_word' id='word_1_58' title='bbox 1700 898 1780 953; x_wconf 88' lang='lat' dir='ltr'>syl·</span> 
     </span>
     <span class='ocr_line' id='line_1_9' title="bbox 103 971 1779 1027; baseline 0.001 -16"><span class='ocrx_word' id='word_1_59' title='bbox 103 973 212 1013; x_wconf 77' lang='lat' dir='ltr'>vosis</span> <span class='ocrx_word' id='word_1_60' title='bbox 246 972 510 1013; x_wconf 68' lang='lat' dir='ltr'><strong>districtuum</strong></span> <span class='ocrx_word' id='word_1_61' title='bbox 551 972 704 1013; x_wconf 87' lang='lat' dir='ltr'>Ghilan</span> <span class='ocrx_word' id='word_1_62' title='bbox 745 984 787 1013; x_wconf 86' lang='lat' dir='ltr'>et</span> <span class='ocrx_word' id='word_1_63' title='bbox 823 974 1112 1020; x_wconf 75' lang='lat' dir='ltr'>Masanderan,</span> <span class='ocrx_word' id='word_1_64' title='bbox 1155 971 1282 1027; x_wconf 87' lang='lat' dir='ltr'>inque</span> <span class='ocrx_word' id='word_1_65' title='bbox 1311 972 1427 1013; x_wconf 88' lang='lat' dir='ltr'>omni</span> <span class='ocrx_word' id='word_1_66' title='bbox 1454 976 1609 1021; x_wconf 81' lang='lat' dir='ltr'>Tauro,</span> <span class='ocrx_word' id='word_1_67' title='bbox 1652 971 1779 1027; x_wconf 87' lang='lat' dir='ltr'>inque</span> 
     </span>
     <span class='ocr_line' id='line_1_10' title="bbox 104 1046 1777 1102; baseline -0.001 -15"><span class='ocrx_word' id='word_1_68' title='bbox 104 1047 282 1087; x_wconf 83' lang='lat' dir='ltr'>Altaicis</span> <span class='ocrx_word' id='word_1_69' title='bbox 311 1047 483 1102; x_wconf 78' lang='lat' dir='ltr'>alpibus,</span> <span class='ocrx_word' id='word_1_70' title='bbox 512 1047 585 1087; x_wconf 89' lang='lat' dir='ltr'>ubi</span> <span class='ocrx_word' id='word_1_71' title='bbox 615 1046 849 1088; x_wconf 83' lang='lat' dir='ltr'>Calmuccis</span> <span class='ocrx_word' id='word_1_72' title='bbox 878 1047 1053 1095; x_wconf 85' lang='lat' dir='ltr'>animal,</span> <span class='ocrx_word' id='word_1_73' title='bbox 1097 1049 1151 1087; x_wconf 85' lang='lat' dir='ltr'>ob</span> <span class='ocrx_word' id='word_1_74' title='bbox 1186 1048 1243 1086; x_wconf 84' lang='lat' dir='ltr'>fel</span> <span class='ocrx_word' id='word_1_75' title='bbox 1282 1047 1553 1097; x_wconf 85' lang='lat' dir='ltr'>medicatum,</span> <span class='ocrx_word' id='word_1_76' title='bbox 1598 1047 1777 1096; x_wconf 79' lang='lat' dir='ltr'>celebre,</span> 
     </span>
     <span class='ocr_line' id='line_1_11' title="bbox 105 1121 1779 1176; baseline -0.001 -14"><span class='ocrx_word' id='word_1_77' title='bbox 105 1123 216 1176; x_wconf 89' lang='lat' dir='ltr'>quod</span> <span class='ocrx_word' id='word_1_78' title='bbox 245 1121 372 1161; x_wconf 86' lang='lat' dir='ltr'>etiam</span> <span class='ocrx_word' id='word_1_79' title='bbox 403 1122 452 1161; x_wconf 90' lang='lat' dir='ltr'>ab</span> <span class='ocrx_word' id='word_1_80' title='bbox 482 1121 785 1175; x_wconf 76' lang='lat' dir='ltr'>antiquioribus</span> <span class='ocrx_word' id='word_1_81' title='bbox 823 1121 1002 1161; x_wconf 84' lang='lat' dir='ltr'>Medicis</span> <span class='ocrx_word' id='word_1_82' title='bbox 1043 1122 1254 1162; x_wconf 87' lang='lat' dir='ltr'>laudatum</span> <span class='ocrx_word' id='word_1_83' title='bbox 1294 1121 1385 1162; x_wconf 81' lang='lat' dir='ltr'>fuit.</span> <span class='ocrx_word' id='word_1_84' title='bbox 1458 1122 1685 1163; x_wconf 88' lang='lat' dir='ltr'>Cerebrum</span> <span class='ocrx_word' id='word_1_85' title='bbox 1714 1137 1779 1161; x_wconf 88' lang='lat' dir='ltr'>au-</span> 
     </span>
     <span class='ocr_line' id='line_1_12' title="bbox 102 1194 1780 1251; baseline 0 -15"><span class='ocrx_word' id='word_1_86' title='bbox 102 1208 188 1236; x_wconf 78' lang='lat' dir='ltr'>tem</span> <span class='ocrx_word' id='word_1_87' title='bbox 218 1197 268 1236; x_wconf 90' lang='lat' dir='ltr'>ad</span> <span class='ocrx_word' id='word_1_88' title='bbox 298 1195 499 1235; x_wconf 87' lang='lat' dir='ltr'>veneficia</span> <span class='ocrx_word' id='word_1_89' title='bbox 529 1194 721 1235; x_wconf 85' lang='lat' dir='ltr'>adhiberi</span> <span class='ocrx_word' id='word_1_90' title='bbox 749 1197 887 1236; x_wconf 75' lang='lat' dir='ltr'>Sham</span> <span class='ocrx_word' id='word_1_91' title='bbox 929 1195 992 1247; x_wconf 85' lang='lat' dir='ltr'>(in</span> <span class='ocrx_word' id='word_1_92' title='bbox 1024 1200 1110 1235; x_wconf 80' lang='lat' dir='ltr'>itin.</span> <span class='ocrx_word' id='word_1_93' title='bbox 1126 1197 1291 1248; x_wconf 80' lang='lat' dir='ltr'>Afric.),</span> <span class='ocrx_word' id='word_1_94' title='bbox 1320 1195 1393 1251; x_wconf 91' lang='lat' dir='ltr'>qui</span> <span class='ocrx_word' id='word_1_95' title='bbox 1422 1197 1563 1236; x_wconf 88' lang='lat' dir='ltr'>locum</span> <span class='ocrx_word' id='word_1_96' title='bbox 1592 1198 1780 1236; x_wconf 78' lang='lat' dir='ltr'>Lucani</span> 
     </span>
     <span class='ocr_line' id='line_1_13' title="bbox 101 1268 1781 1325; baseline -0.001 -14"><span class='ocrx_word' id='word_1_97' title='bbox 101 1269 183 1311; x_wconf 84' lang='lat' dir='ltr'>huc</span> <span class='ocrx_word' id='word_1_98' title='bbox 206 1271 343 1318; x_wconf 86' lang='lat' dir='ltr'>refert,</span> <span class='ocrx_word' id='word_1_99' title='bbox 374 1271 440 1309; x_wconf 93' lang='lat' dir='ltr'>vel</span> <span class='ocrx_word' id='word_1_100' title='bbox 468 1269 632 1310; x_wconf 85' lang='lat' dir='ltr'>insanos</span> <span class='ocrx_word' id='word_1_101' title='bbox 663 1271 836 1310; x_wconf 85' lang='lat' dir='ltr'>reddere</span> <span class='ocrx_word' id='word_1_102' title='bbox 866 1268 1001 1309; x_wconf 81' lang='lat' dir='ltr'>Mauri</span> <span class='ocrx_word' id='word_1_103' title='bbox 1030 1280 1072 1309; x_wconf 86' lang='lat' dir='ltr'>et</span> <span class='ocrx_word' id='word_1_104' title='bbox 1098 1271 1256 1309; x_wconf 81' lang='lat' dir='ltr'>Arabes</span> <span class='ocrx_word' id='word_1_105' title='bbox 1285 1271 1480 1318; x_wconf 87' lang='lat' dir='ltr'>credunt,</span> <span class='ocrx_word' id='word_1_106' title='bbox 1525 1272 1634 1310; x_wconf 89' lang='lat' dir='ltr'>unde</span> <span class='ocrx_word' id='word_1_107' title='bbox 1657 1281 1781 1325; x_wconf 87' lang='lat' dir='ltr'>caput</span> 
     </span>
     <span class='ocr_line' id='line_1_14' title="bbox 101 1343 1778 1400; baseline -0.001 -14"><span class='ocrx_word' id='word_1_108' title='bbox 101 1360 242 1386; x_wconf 85' lang='lat' dir='ltr'>caesae</span> <span class='ocrx_word' id='word_1_109' title='bbox 285 1348 479 1400; x_wconf 87' lang='lat' dir='ltr'>Hyaenae</span> <span class='ocrx_word' id='word_1_110' title='bbox 520 1344 688 1399; x_wconf 90' lang='lat' dir='ltr'>publice</span> <span class='ocrx_word' id='word_1_111' title='bbox 730 1344 874 1385; x_wconf 84' lang='lat' dir='ltr'>defodi</span> <span class='ocrx_word' id='word_1_112' title='bbox 911 1345 1063 1384; x_wconf 88' lang='lat' dir='ltr'>debere</span> <span class='ocrx_word' id='word_1_113' title='bbox 1098 1343 1227 1383; x_wconf 83' lang='lat' dir='ltr'>tradit</span> <span class='ocrx_word' id='word_1_114' title='bbox 1260 1345 1574 1385; x_wconf 73' lang='lat' dir='ltr'>Skioeldebrand</span> <span class='ocrx_word' id='word_1_115' title='bbox 1601 1344 1645 1384; x_wconf 90' lang='lat' dir='ltr'>in</span> <span class='ocrx_word' id='word_1_116' title='bbox 1672 1346 1778 1385; x_wconf 81' lang='grc' dir='ltr'><strong>Νου.</strong></span> 
     </span>
     <span class='ocr_line' id='line_1_15' title="bbox 100 1418 1778 1477; baseline -0.001 -16"><span class='ocrx_word' id='word_1_117' title='bbox 100 1421 194 1461; x_wconf 75' lang='grc' dir='ltr'>Αοε.</span> <span class='ocrx_word' id='word_1_118' title='bbox 227 1421 370 1476; x_wconf 79' lang='lat' dir='ltr'>Upsal.</span> <span class='ocrx_word' id='word_1_119' title='bbox 398 1423 479 1460; x_wconf 84' lang='lat' dir='ltr'>vol.</span> <span class='ocrx_word' id='word_1_120' title='bbox 515 1437 547 1458; x_wconf 87' lang='lat'>1.</span> <span class='ocrx_word' id='word_1_121' title='bbox 577 1435 616 1475; x_wconf 84' lang='lat' dir='ltr'>p.</span> <span class='ocrx_word' id='word_1_122' title='bbox 633 1437 713 1471; x_wconf 68' lang='lat'>79„</span> <span class='ocrx_word' id='word_1_123' title='bbox 741 1419 814 1474; x_wconf 90' lang='lat' dir='ltr'>qui</span> <span class='ocrx_word' id='word_1_124' title='bbox 842 1419 955 1459; x_wconf 87' lang='lat' dir='ltr'>varia</span> <span class='ocrx_word' id='word_1_125' title='bbox 985 1419 1036 1459; x_wconf 86' lang='lat' dir='ltr'>ad</span> <span class='ocrx_word' id='word_1_126' title='bbox 1065 1418 1284 1459; x_wconf 81' lang='lat' dir='ltr'>historiam</span> <span class='ocrx_word' id='word_1_127' title='bbox 1312 1418 1433 1473; x_wconf 88' lang='lat' dir='ltr'>hujus</span> <span class='ocrx_word' id='word_1_128' title='bbox 1460 1419 1651 1460; x_wconf 86' lang='lat' dir='ltr'>animalis</span> <span class='ocrx_word' id='word_1_129' title='bbox 1680 1419 1778 1477; x_wconf 74' lang='lat' dir='ltr'>faci-</span> 
     </span>
     <span class='ocr_line' id='line_1_16' title="bbox 101 1493 1776 1549; baseline 0.001 -16"><span class='ocrx_word' id='word_1_130' title='bbox 101 1494 214 1534; x_wconf 83' lang='lat' dir='ltr'>entia</span> <span class='ocrx_word' id='word_1_131' title='bbox 229 1494 413 1548; x_wconf 82' lang='lat' dir='ltr'>collegit,</span> <span class='ocrx_word' id='word_1_132' title='bbox 443 1495 557 1549; x_wconf 90' lang='lat' dir='ltr'>quod</span> <span class='ocrx_word' id='word_1_133' title='bbox 584 1495 729 1534; x_wconf 87' lang='lat' dir='ltr'>crebro</span> <span class='ocrx_word' id='word_1_134' title='bbox 758 1494 902 1535; x_wconf 86' lang='lat' dir='ltr'>vivum</span> <span class='ocrx_word' id='word_1_135' title='bbox 931 1494 1020 1534; x_wconf 89' lang='lat' dir='ltr'>vidi</span> <span class='ocrx_word' id='word_1_136' title='bbox 1049 1495 1259 1548; x_wconf 89' lang='lat' dir='ltr'>quondam</span> <span class='ocrx_word' id='word_1_137' title='bbox 1286 1494 1331 1534; x_wconf 87' lang='lat' dir='ltr'>in</span> <span class='ocrx_word' id='word_1_138' title='bbox 1361 1493 1508 1548; x_wconf 81' lang='lat' dir='ltr'>Belgio</span> <span class='ocrx_word' id='word_1_139' title='bbox 1537 1505 1580 1534; x_wconf 85' lang='lat' dir='ltr'>et</span> <span class='ocrx_word' id='word_1_140' title='bbox 1607 1494 1776 1548; x_wconf 78' lang='lat' dir='ltr'>Anglia.</span> 
     </span>
     <span class='ocr_line' id='line_1_17' title="bbox 103 1567 1774 1623; baseline 0.001 -15"><span class='ocrx_word' id='word_1_141' title='bbox 103 1571 270 1609; x_wconf 84' lang='lat' dir='ltr'>Gressus</span> <span class='ocrx_word' id='word_1_142' title='bbox 300 1568 441 1608; x_wconf 89' lang='lat' dir='ltr'>eidem</span> <span class='ocrx_word' id='word_1_143' title='bbox 468 1567 612 1622; x_wconf 88' lang='lat' dir='ltr'>utique</span> <span class='ocrx_word' id='word_1_144' title='bbox 640 1568 879 1608; x_wconf 82' lang='lat' dir='ltr'>claudicans</span> <span class='ocrx_word' id='word_1_145' title='bbox 908 1579 951 1607; x_wconf 86' lang='lat' dir='ltr'>et</span> <span class='ocrx_word' id='word_1_146' title='bbox 978 1568 1116 1622; x_wconf 83' lang='lat' dir='ltr'>piger;</span> <span class='ocrx_word' id='word_1_147' title='bbox 1156 1567 1310 1607; x_wconf 85' lang='lat' dir='ltr'>ferocia</span> <span class='ocrx_word' id='word_1_148' title='bbox 1345 1583 1504 1608; x_wconf 86' lang='lat' dir='ltr'>summa</span> <span class='ocrx_word' id='word_1_149' title='bbox 1537 1580 1580 1608; x_wconf 88' lang='lat' dir='ltr'>et</span> <span class='ocrx_word' id='word_1_150' title='bbox 1607 1570 1774 1623; x_wconf 88' lang='lat' dir='ltr'>adspec-</span> 
     </span>
     <span class='ocr_line' id='line_1_18' title="bbox 102 1641 1775 1697; baseline -0.001 -14"><span class='ocrx_word' id='word_1_151' title='bbox 102 1655 165 1683; x_wconf 79' lang='lat' dir='ltr'>tus</span> <span class='ocrx_word' id='word_1_152' title='bbox 193 1654 348 1690; x_wconf 81' lang='lat' dir='ltr'>torvus,</span> <span class='ocrx_word' id='word_1_153' title='bbox 380 1641 619 1682; x_wconf 87' lang='lat' dir='ltr'>insidiosior</span> <span class='ocrx_word' id='word_1_154' title='bbox 647 1641 823 1696; x_wconf 88' lang='lat' dir='ltr'>Lupino.</span> <span class='ocrx_word' id='word_1_155' title='bbox 888 1643 1087 1681; x_wconf 86' lang='lat' dir='ltr'>Iracunda</span> <span class='ocrx_word' id='word_1_156' title='bbox 1123 1645 1294 1695; x_wconf 85' lang='lat' dir='ltr'>Hyaena</span> <span class='ocrx_word' id='word_1_157' title='bbox 1330 1643 1500 1697; x_wconf 80' lang='lat' dir='ltr'>longum</span> <span class='ocrx_word' id='word_1_158' title='bbox 1538 1642 1686 1682; x_wconf 87' lang='lat' dir='ltr'>villum</span> <span class='ocrx_word' id='word_1_159' title='bbox 1714 1658 1775 1682; x_wconf 89' lang='lat' dir='ltr'>su-</span> 
     </span>
     <span class='ocr_line' id='line_1_19' title="bbox 101 1714 1774 1773; baseline -0.001 -15"><span class='ocrx_word' id='word_1_160' title='bbox 101 1734 173 1773; x_wconf 87' lang='lat' dir='ltr'>pra</span> <span class='ocrx_word' id='word_1_161' title='bbox 201 1717 385 1772; x_wconf 81' lang='lat' dir='ltr'>scapulas</span> <span class='ocrx_word' id='word_1_162' title='bbox 414 1715 548 1771; x_wconf 85' lang='lat' dir='ltr'>erigit,</span> <span class='ocrx_word' id='word_1_163' title='bbox 579 1726 623 1755; x_wconf 89' lang='lat' dir='ltr'>et</span> <span class='ocrx_word' id='word_1_164' title='bbox 650 1714 786 1769; x_wconf 75' lang='lat' dir='ltr'>rugitu</span> <span class='ocrx_word' id='word_1_165' title='bbox 814 1729 936 1755; x_wconf 89' lang='lat' dir='ltr'>rauco</span> <span class='ocrx_word' id='word_1_166' title='bbox 966 1715 1082 1769; x_wconf 87' lang='lat' dir='ltr'>quasi</span> <span class='ocrx_word' id='word_1_167' title='bbox 1110 1715 1154 1754; x_wconf 91' lang='lat' dir='ltr'>in</span> <span class='ocrx_word' id='word_1_168' title='bbox 1185 1727 1347 1770; x_wconf 80' lang='lat' dir='ltr'>gutture</span> <span class='ocrx_word' id='word_1_169' title='bbox 1376 1717 1580 1757; x_wconf 72' lang='lat' dir='ltr'>ululatum</span> <span class='ocrx_word' id='word_1_170' title='bbox 1607 1718 1774 1757; x_wconf 88' lang='lat' dir='ltr'>abscon-</span> 
     </span>
     <span class='ocr_line' id='line_1_20' title="bbox 102 1789 1774 1848; baseline -0.001 -15"><span class='ocrx_word' id='word_1_171' title='bbox 102 1792 177 1842; x_wconf 79' lang='lat' dir='ltr'>dit,</span> <span class='ocrx_word' id='word_1_172' title='bbox 205 1803 251 1832; x_wconf 86' lang='lat' dir='ltr'>ut</span> <span class='ocrx_word' id='word_1_173' title='bbox 273 1790 504 1831; x_wconf 81' lang='lat' dir='ltr'>amaximis</span> <span class='ocrx_word' id='word_1_174' title='bbox 533 1790 703 1830; x_wconf 84' lang='lat' dir='ltr'>canibus</span> <span class='ocrx_word' id='word_1_175' title='bbox 731 1789 943 1830; x_wconf 88' lang='lat' dir='ltr'>interdum</span> <span class='ocrx_word' id='word_1_176' title='bbox 972 1789 1157 1837; x_wconf 87' lang='lat' dir='ltr'>auditur;</span> <span class='ocrx_word' id='word_1_177' title='bbox 1187 1790 1362 1832; x_wconf 83' lang='lat' dir='ltr'>subinde</span> <span class='ocrx_word' id='word_1_178' title='bbox 1390 1791 1606 1848; x_wconf 79' lang='lat' dir='ltr'>planctum</span> <span class='ocrx_word' id='word_1_179' title='bbox 1633 1790 1774 1832; x_wconf 79' lang='lat' dir='ltr'>huma-=</span> 
     </span>
    </p>
   </div>
   <div class='ocr_carea' id='block_1_3' title="bbox 103 1865 1372 1922">
    <p class='ocr_par' dir='ltr' id='par_1_5' title="bbox 103 1865 1372 1922">
     <span class='ocr_line' id='line_1_21' title="bbox 103 1865 1372 1922; baseline 0.001 -16"><span class='ocrx_word' id='word_1_180' title='bbox 103 1882 202 1908; x_wconf 88' lang='lat' dir='ltr'>num</span> <span class='ocrx_word' id='word_1_181' title='bbox 231 1865 392 1907; x_wconf 87' lang='lat' dir='ltr'>imitari</span> <span class='ocrx_word' id='word_1_182' title='bbox 419 1865 520 1906; x_wconf 87' lang='lat' dir='ltr'>visa.</span> <span class='ocrx_word' id='word_1_183' title='bbox 577 1865 769 1906; x_wconf 89' lang='lat' dir='ltr'>Demisso</span> <span class='ocrx_word' id='word_1_184' title='bbox 799 1879 960 1921; x_wconf 86' lang='lat' dir='ltr'>semper</span> <span class='ocrx_word' id='word_1_185' title='bbox 989 1865 1127 1922; x_wconf 87' lang='lat' dir='ltr'>capite</span> <span class='ocrx_word' id='word_1_186' title='bbox 1156 1866 1372 1907; x_wconf 81' lang='lat' dir='ltr'>auscultat.</span> 
     </span>
    </p>
   </div>
   <div class='ocr_carea' id='block_1_4' title="bbox 102 2016 1774 2147">
    <p class='ocr_par' dir='ltr' id='par_1_6' title="bbox 102 2016 1774 2147">
     <span class='ocr_line' id='line_1_22' title="bbox 236 2016 1774 2072; baseline 0 -16"><span class='ocrx_word' id='word_1_187' title='bbox 236 2019 410 2058; x_wconf 84' lang='lat' dir='ltr'>Descr.</span> <span class='ocrx_word' id='word_1_188' title='bbox 469 2019 585 2072; x_wconf 90' lang='lat' dir='ltr'>Lupo</span> <span class='ocrx_word' id='word_1_189' title='bbox 614 2020 744 2067; x_wconf 73' lang='lat' dir='ltr'>major</span> <span class='ocrx_word' id='word_1_190' title='bbox 772 2028 814 2057; x_wconf 84' lang='lat' dir='ltr'>et</span> <span class='ocrx_word' id='word_1_191' title='bbox 843 2016 1060 2066; x_wconf 85' lang='lat' dir='ltr'>robustior,</span> <span class='ocrx_word' id='word_1_192' title='bbox 1090 2031 1274 2072; x_wconf 84' lang='lat' dir='ltr'>procera,</span> <span class='ocrx_word' id='word_1_193' title='bbox 1316 2017 1492 2072; x_wconf 75' lang='lat' dir='ltr'>pedibus</span> <span class='ocrx_word' id='word_1_194' title='bbox 1528 2018 1679 2071; x_wconf 84' lang='lat' dir='ltr'>valgis3</span> <span class='ocrx_word' id='word_1_195' title='bbox 1715 2018 1774 2057; x_wconf 84' lang='lat' dir='ltr'>di-</span> 
     </span>
     <span class='ocr_line' id='line_1_23' title="bbox 102 2091 1772 2147; baseline 0.001 -16"><span class='ocrx_word' id='word_1_196' title='bbox 102 2091 181 2147; x_wconf 78' lang='lat' dir='ltr'>giti</span> <span class='ocrx_word' id='word_1_197' title='bbox 208 2093 438 2147; x_wconf 88' lang='lat' dir='ltr'>palmarum</span> <span class='ocrx_word' id='word_1_198' title='bbox 466 2093 783 2146; x_wconf 86' lang='lat' dir='ltr'>plantarumque</span> <span class='ocrx_word' id='word_1_199' title='bbox 813 2091 1015 2147; x_wconf 84' lang='lat' dir='ltr'>quaterni,</span> <span class='ocrx_word' id='word_1_200' title='bbox 1045 2107 1141 2132; x_wconf 88' lang='lat' dir='ltr'>cum</span> <span class='ocrx_word' id='word_1_201' title='bbox 1169 2092 1397 2131; x_wconf 82' lang='lat' dir='ltr'>accessorio</span> <span class='ocrx_word' id='word_1_202' title='bbox 1426 2093 1478 2130; x_wconf 85' lang='lat' dir='ltr'>ad</span> <span class='ocrx_word' id='word_1_203' title='bbox 1506 2092 1687 2146; x_wconf 64' lang='lat' dir='ltr'>poeticos</span> <span class='ocrx_word' id='word_1_204' title='bbox 1715 2103 1772 2133; x_wconf 85' lang='lat' dir='ltr'>ta-</span> 
     </span>
    </p>
   </div>
   <div class='ocr_carea' id='block_1_5' title="bbox 198 2203 1773 2414">
    <p class='ocr_par' dir='ltr' id='par_1_7' title="bbox 198 2203 1773 2414">
     <span class='ocr_line' id='line_1_24' title="bbox 198 2203 1771 2247; baseline 0.001 -13"><span class='ocrx_word' id='word_1_205' title='bbox 198 2205 250 2247; x_wconf 64' lang='lat'>(*)</span> <span class='ocrx_word' id='word_1_206' title='bbox 279 2204 532 2245; x_wconf 85' lang='lat' dir='ltr'>Distinguenda</span> <span class='ocrx_word' id='word_1_207' title='bbox 559 2213 687 2245; x_wconf 84' lang='lat' dir='ltr'>nempe</span> <span class='ocrx_word' id='word_1_208' title='bbox 707 2206 851 2245; x_wconf 82' lang='lat' dir='ltr'>Hyaena</span> <span class='ocrx_word' id='word_1_209' title='bbox 877 2206 968 2243; x_wconf 74' lang='lat' dir='ltr'>atra,</span> <span class='ocrx_word' id='word_1_210' title='bbox 997 2203 1146 2235; x_wconf 81' lang='lat' dir='ltr'>maculis</span> <span class='ocrx_word' id='word_1_211' title='bbox 1161 2203 1323 2235; x_wconf 83' lang='lat' dir='ltr'>rotundis</span> <span class='ocrx_word' id='word_1_212' title='bbox 1350 2204 1531 2246; x_wconf 77' lang='lat' dir='ltr'>adspersa,</span> <span class='ocrx_word' id='word_1_213' title='bbox 1560 2203 1771 2247; x_wconf 83' lang='lat' dir='ltr'>elegantior,</span> 
     </span>
     <span class='ocr_line' id='line_1_25' title="bbox 251 2261 1773 2304; baseline 0.002 -10"><span class='ocrx_word' id='word_1_214' title='bbox 251 2265 361 2304; x_wconf 85' lang='lat' dir='ltr'>magis</span> <span class='ocrx_word' id='word_1_215' title='bbox 388 2262 586 2302; x_wconf 83' lang='lat' dir='ltr'>familiaris,</span> <span class='ocrx_word' id='word_1_216' title='bbox 615 2272 681 2293; x_wconf 88' lang='lat' dir='ltr'>nec</span> <span class='ocrx_word' id='word_1_217' title='bbox 720 2264 834 2293; x_wconf 90' lang='lat' dir='ltr'>minus</span> <span class='ocrx_word' id='word_1_218' title='bbox 866 2261 1082 2296; x_wconf 79' lang='lat' dir='ltr'>truculenta.</span> <span class='ocrx_word' id='word_1_219' title='bbox 1144 2266 1241 2295; x_wconf 84' lang='lat' dir='ltr'>Hanc</span> <span class='ocrx_word' id='word_1_220' title='bbox 1274 2263 1393 2294; x_wconf 84' lang='lat' dir='ltr'>audivi</span> <span class='ocrx_word' id='word_1_221' title='bbox 1421 2264 1597 2296; x_wconf 71' lang='lat' dir='ltr'>desiderio</span> <span class='ocrx_word' id='word_1_222' title='bbox 1631 2265 1773 2297; x_wconf 78' lang='lat' dir='ltr'>oblatae</span> 
     </span>
     <span class='ocr_line' id='line_1_26' title="bbox 251 2320 1772 2366; baseline 0.003 -13"><span class='ocrx_word' id='word_1_223' title='bbox 251 2322 314 2354; x_wconf 86' lang='lat' dir='ltr'>sed</span> <span class='ocrx_word' id='word_1_224' title='bbox 347 2322 544 2363; x_wconf 75' lang='lat' dir='ltr'>denegatae</span> <span class='ocrx_word' id='word_1_225' title='bbox 577 2332 680 2353; x_wconf 87' lang='lat' dir='ltr'>escae</span> <span class='ocrx_word' id='word_1_226' title='bbox 713 2323 813 2363; x_wconf 83' lang='lat' dir='ltr'>quasi</span> <span class='ocrx_word' id='word_1_227' title='bbox 853 2320 1063 2353; x_wconf 87' lang='lat' dir='ltr'>cachinnum</span> <span class='ocrx_word' id='word_1_228' title='bbox 1090 2323 1149 2354; x_wconf 85' lang='lat' dir='ltr'>vel</span> <span class='ocrx_word' id='word_1_229' title='bbox 1175 2333 1302 2355; x_wconf 85' lang='lat' dir='ltr'>vocem</span> <span class='ocrx_word' id='word_1_230' title='bbox 1329 2323 1453 2356; x_wconf 85' lang='lat' dir='ltr'>flentis</span> <span class='ocrx_word' id='word_1_231' title='bbox 1481 2326 1595 2366; x_wconf 87' lang='lat' dir='ltr'>pueri,</span> <span class='ocrx_word' id='word_1_232' title='bbox 1623 2324 1772 2358; x_wconf 76' lang='lat' dir='ltr'>reducto</span> 
     </span>
     <span class='ocr_line' id='line_1_27' title="bbox 249 2381 545 2414; baseline 0.003 -2"><span class='ocrx_word' id='word_1_233' title='bbox 249 2384 342 2414; x_wconf 80' lang='lat' dir='ltr'>rictu</span> <span class='ocrx_word' id='word_1_234' title='bbox 369 2381 545 2413; x_wconf 64' lang='lat' dir='ltr'>edentem,</span> 
     </span>
    </p>
   </div>
   <div class='ocr_carea' id='block_1_6' title="bbox 1404 2479 1427 2512">
    <p class='ocr_par' dir='ltr' id='par_1_8' title="bbox 1404 2479 1427 2512">
     <span class='ocr_line' id='line_1_28' title="bbox 1404 2479 1427 2512; baseline 0 -1"><span class='ocrx_word' id='word_1_235' title='bbox 1404 2479 1427 2512; x_wconf 81' lang='lat'><em>5</em></span> 
     </span>
    </p>
   </div>
  </div>
 </body>
</html>
