2196 2927
877 195 1020 207 ——Q

877 211 1019 218 ———.-

1701 206 1783 246 335

329 293 614 335 Tinnunculus
644 292 905 348 fuliginosas,
944 295 1017 334 sub
1047 293 1122 334 alis
1153 296 1312 338 albidus
1341 301 1449 342 Mas.
1493 303 1653 358 Petrop.
1685 321 1783 361 pag.

387 378 478 411 356.
511 387 547 409 η.
586 379 643 419 14.

326 444 610 484 T21mu11culus
639 443 901 499 ful'ginosus,
934 444 1006 484 sub
1037 444 1100 483 ala
1129 446 1282 496 varius,
1314 449 1632 507 arachuologus,
1662 457 1781 497 Μεδ-

377 520 664 560 serschmz'd.
704 520 810 559 Mus.
841 520 999 573 Petrop.
1032 536 1070 574 p.
1103 528 1195 572 357.
1223 538 1263 561 n.
1300 530 1358 564 15.

325 596 448 634 Falco
478 605 734 648 vespertfflus
763 595 838 633 Lin
877 605 980 648 ςγδι.
1010 597 1042 634 Ι.
1073 612 1112 650 p.
1148 613 1233 647 ¹29·
1271 612 1332 652 sp.
1363 606 1426 640 23.
1470 602 1657 644 Latlzam.
1687 622 1777 660 syn.

373 672 406 708 Ι.
436 686 474 724 p.
513 685 597 708 102.
630 685 666 708 η.
700 675 763 709 88.

315 745 484 784 Variete
516 745 567 783 de
598 744 789 783 Hobreau
819 745 1036 786 D'aubent.
1068 750 1170 787 icon.
1202 751 1275 788 col.
1308 765 1345 788 n.
1376 757 1470 800 431.

207 819 378 860 Rossice
422 820 575 860 Kobetz
624 829 666 858 et
707 821 942 874 Koptschik.
1019 821 1257 862 Baschkiris
1307 826 1488 880 Koe'gar.
1574 828 1778 883 Tungusis

260 896 504 936 Giiktschan.

231 970 415 1010 Nomina
444 972 615 1010 barbara
645 971 841 1026 pleraque
871 986 964 1011 cum
995 973 1261 1013 Subbuteone
1292 977 1543 1018 communia.

228 1048 275 1084 In
306 1044 476 1100 apricis,
523 1045 841 1101 campestribus,
887 1062 1084 1101 aquarum
1129 1048 1278 1089 vicinis
1322 1051 1516 1099 Rossiae‚
1563 1055 1775 1110 magisque

93 1119 270 1160 Sibiriae
301 1120 435 1160 minus
466 1121 659 1174 frequens
690 1122 977 1171 Subbuteone‚
1025 1134 1206 1163 attamen
1237 1123 1349 1165 haud
1379 1142 1470 1167 raro
1500 1129 1699 1179 occurrit,
1732 1143 1773 1172 et

91 1195 289 1235 convenit
319 1210 413 1234 cum
443 1194 519 1234 illo
549 1206 701 1234 venatu
731 1208 982 1251 vespertino.
1056 1198 1204 1252 Specie
1248 1210 1387 1240 tamen
1433 1203 1483 1241 ab
1526 1205 1674 1244 eadem
1711 1205 1771 1245 di·

88 1269 390 1310 stinctissimus.
450 1270 822 1323 Frequentissimus
852 1271 897 1310 in
927 1275 1055 1311 Parva
1086 1272 1254 1322 Rossia,
1299 1286 1341 1314 et
1371 1276 1618 1318 observante
1648 1281 1723 1320 Me
1735 1295 1769 1320 s-

87 1347 428 1385 serschmidio
458 1346 509 1384 ad
538 1347 673 1385 Udam
705 1347 799 1385 fluv.
830 1345 874 1385 in
904 1347 1226 1401 campestribus,
1274 1348 1347 1388 ubi
1377 1350 1636 1404 migrationis
1665 1366 1769 1396 tem-

84 1434 184 1474 pore
218 1436 382 1460 araneas
413 1420 593 1460 maxime
625 1422 803 1474 legebat.
874 1425 1013 1460 Mores
1052 1423 1345 1463 Subbuteonis.
1415 1426 1546 1466 Nidos
1578 1428 1767 1470 Picarum

86 1506 128 1534 et
157 1496 476 1535 Monedularum
514 1496 706 1534 lubenter
749 1508 944 1550 occupat,
992 1506 1034 1536 et
1076 1512 1153 1536 ova
1196 1497 1305 1552 parit
1351 1499 1470 1546 bina,
1514 1502 1766 1557 rubiginosa,

84 1569 232 1610 atomis
262 1582 304 1610 et
334 1569 460 1624 guttis
491 1569 794 1610 obscurioribus
823 1584 1062 1624 conspersa,
1104 1571 1320 1612 simillima
1349 1574 1438 1613 ovis
1469 1577 1762 1618 Subbuteonis.

81 1647 222 1700 Aquas
251 1645 496 1686 hirundines
525 1660 647 1700 saepe
685 1645 826 1685 volatu
862 1644 1033 1696 lambit,
1080 1644 1239 1687 insecta
1280 1649 1470 1703 aquatica
1512 1650 1674 1705 legens,
1719 1665 1762 1694 et

78 1718 375 1761 hirundinibus
406 1735 528 1776 saepe
558 1719 708 1760 fatalis.

212 1796 386 1836 Descr.
463 1796 708 1849 Magnitudo
747 1796 830 1836 fere
867 1796 1138 1837 Tinnunculi.
1209 1799 1398 1839 Rostrum
1438 1802 1758 1845 coerulescenti-

80 1868 263 1923 nigrum,
294 1872 381 1911 basi
409 1872 578 1912 luteum.
638 1873 741 1911 Cera
770 1883 812 1911 et
840 1872 997 1926 Anguli
1027 1872 1109 1912 oris
1138 1873 1262 1912 fulva.
1336 1875 1558 1930 Palpebrae
1588 1879 1758 1919 flavissi-

80 1959 190 1993 mae,
239 1945 421 2000 margine
452 1947 602 1986 fulvae.
662 1948 789 1986 Irides
818 1947 972 2000 nigrae.
1043 1950 1202 2001 Lingua
1232 1947 1350 2002 apice
1380 1949 1525 1989 incisa.
1597 1954 1755 2008 Corpus

79 2034 199 2073 supra
227 2020 404 2069 fuscum,
437 2022 596 2069 subtus,
627 2021 869 2076 praesertim
897 2032 1087 2076 pectore,
1126 2037 1148 2061 e
1179 2024 1293 2063 fusco
1321 2039 1553 2065 canescens.
1614 2028 1752 2069 Femo-

78 2097 182 2133 ralaa
212 2103 386 2132 saturate
415 2097 732 2135 testaceo-rufa.
800 2098 903 2136 Alae
947 2098 1120 2136 caudam
1162 2099 1434 2147 excedentes,
1480 2101 1620 2141 subtus
1662 2104 1751 2144 basi

75 2168 232 2222 n'grae.
303 2168 428 2208 Pedes
469 2170 762 2209 saturatissime
805 2170 927 2217 flavi3
977 2171 1098 2224 digiti
1140 2172 1320 2212 verrucis
1362 2171 1747 2230 haemisphaericis,

75 2242 224 2281 extimi
255 2254 486 2285 extrorsum
516 2245 741 2284 versatiles.
816 2245 979 2299 Ungues
1017 2244 1257 2287 albicantes.
1326 2250 1487 2290 Pondus
1524 2252 1647 2306 vulgo
1677 2269 1748 2294 un-

75 2316 231 2357 ciarum
259 2317 427 2358 circiter
456 2319 638 2374 quinque
669 2319 736 2359 vel
765 2334 858 2368 sex3
902 2320 1080 2361 maribus
1110 2322 1320 2363 semuncia
1351 2324 1504 2365 minus.
1556 2328 1746 2369 Mensura

77 2392 128 2430 ad
173 2408 287 2448 urop.
331 2399 389 2436 5⁰.
433 2399 502 2447 9''.
546 2396 700 2437 caudae
745 2397 805 2450 4²².
848 2397 917 2450 9'‘'.
996 2398 1128 2441 Ulnae
1172 2398 1328 2441 alarum
1369 2404 1428 2454 9⁹.
1472 2416 1745 2458 expansarum
