2196 2927
442 211 526 249 272
1201 206 1345 230 m

442 307 553 349 inter
583 304 917 347 Camtschatcarn
944 316 987 345 et
1017 303 1256 344 Americam
1292 302 1373 344 sibi
1410 301 1673 342 familiariter
1711 312 1751 342 et
1789 303 1956 343 nomine
1994 314 2111 343 notas

442 393 769 422 enumerant.——
798 383 936 435 Quum
965 382 1138 421 Cetacea
1165 380 1210 420 in
1241 394 1291 419 eo
1319 383 1561 435 praesertim
1592 394 1613 417 a
1649 379 1912 418 Luctantibus
1942 377 2113 432 reliquis

440 458 657 505 differant,
698 458 809 511 quod
840 467 947 496 artus
976 455 1158 511 posticos
1188 470 1373 504 exosses,
1416 454 1460 494 in
1491 454 1666 494 caudam
1695 452 2006 508 cartilaginibus
2036 453 2111 492 ful-

439 543 525 572 tam
554 533 804 572 coadunatos
835 531 1048 579 obtinent,
1084 535 1171 586 jure
1207 531 1387 587 primum
1418 529 1461 569 in
1491 528 1573 569 hoc
1602 528 1747 569 ordine
1777 529 1916 568 locum
1947 531 2111 568 Manato

440 607 508 647 vel
536 606 776 647 Trichecho
807 607 1034 647 concedere
1063 620 1230 646 necesse
1262 617 1341 655 est,
1385 604 1486 645 licet
1522 604 1557 644 is
1588 606 1712 660 paulo
1741 605 1854 660 plus,
1894 618 2018 659 quam
2054 617 2111 643 re-

440 681 553 737 liqua
583 697 754 738 genera,
787 683 837 722 ad
867 682 1181 737 quadrupedum
1211 692 1457 721 structuram
1488 682 1670 721 accedat.

832 821 1061 872 XXXll.
1148 819 1726 870 MANATUS.

572 971 753 1011 Fabulae
784 985 865 1010 non
898 969 1088 1009 absimile
1120 983 1245 1023 genus
1276 967 1356 1009 hoc
1390 971 1489 1010 duas
1512 980 1673 1009 tantum
1700 967 1929 1008 hodienum
1953 971 2114 1024 species

438 1060 586 1099 easque
617 1045 951 1086 distinctissimas
983 1044 1180 1099 agnoscit.
1240 1045 1321 1084 Sed
1353 1055 1414 1084 est
1443 1044 1624 1101 suspicio
1654 1044 1697 1083 in
1728 1043 1964 1098 longinquis
1994 1045 2114 1084 mari-

438 1120 511 1160 bus
541 1120 678 1162 adhuc
706 1123 843 1177 plures
874 1120 963 1161 dari
994 1134 1266 1174 congeneres,
1306 1134 1411 1173 quae
1441 1122 1625 1160 nondum
1657 1118 1737 1159 sibi
1765 1118 2015 1159 invenerunt
2046 1121 2114 1160 de-

438 1196 658 1250 scriptores
698 1209 922 1237 accuratos.
993 1199 1050 1236 Ut
1088 1194 1201 1234 enim
1240 1195 1290 1233 de
1330 1194 1501 1235 animali
1539 1194 1738 1249 singulari
1783 1194 1942 1234 marino
1972 1211 1994 1233 a
2025 1196 2114 1234 dili-

432 1276 600 1324 gentiss.
633 1274 798 1312 Scellero
829 1276 884 1324 (²²)
915 1271 959 1310 in
988 1270 1137 1309 itinere
1165 1269 1417 1309 Americano
1447 1269 1608 1310 eminus
1645 1270 1864 1309 observato
1905 1268 2014 1309 nihil
2051 1269 2112 1309 di-

437 1360 550 1392 cam,
580 1348 774 1386 videntur
802 1347 846 1387 in
876 1344 1088 1386 immensis
1118 1343 1339 1384 Americae
1369 1344 1654 1385 meridionalis
1696 1343 1830 1383 fluvijs
1859 1355 1902 1384 et
1931 1344 2112 1385 maribus

437 1422 639 1473 quaedam
686 1422 900 1475 incognita
936 1422 1064 1460 latere
1111 1418 1231 1472 hujus
1277 1419 1567 1459 similitudinis
1611 1419 1819 1460 animalia.
1893 1419 1961 1460 Sic
1999 1420 2113 1460 enim

438 1495 565 1535 Gzllz'
594 1499 808 1536 Manatum
839 1495 955 1536 fluvii
986 1494 1170 1536 Orinoco
1201 1493 1438 1534 describens
1469 1499 1568 1548 (W),
1600 1510 1724 1549 quem
1755 1494 1799 1534 in
1819 1506 1971 1535 terram
1996 1495 2112 1536 exire

437 1580 479 1609 et
508 1568 649 1610 herbis
680 1571 792 1626 pasci
822 1570 1039 1626 perhibet,
1075 1581 1117 1609 et
1149 1569 1258 1609 mole
1293 1573 1477 1627 Juvenco
1507 1582 1738 1625 comparat,
1777 1570 1936 1610 curiose
1966 1569 2110 1610 distin-

437 1643 526 1698 guit
555 1646 605 1685 ab
636 1645 749 1686 affini
781 1646 863 1686 alio
894 1644 1065 1685 animali
1094 1644 1139 1684 in
1170 1656 1319 1684 terram
1354 1660 1562 1698 nunquam
1592 1645 1779 1695 exiente,
1824 1647 1896 1685 sed
1933 1645 2111 1686 dimidio

438 1734 559 1774 saepe
598 1720 659 1759 sui
698 1721 881 1775 corporis
918 1735 1036 1774 supra
1075 1733 1197 1773 aquas
1235 1719 1467 1765 eminente,
1504 1722 1615 1774 quod
1653 1722 1703 1760 ab
1740 1719 1889 1759 incolis
1936 1720 2110 1760 Orinoci

435 1795 569 1839 Atun,
600 1795 650 1834 ab
682 1795 874 1849 Hispanis
907 1796 1063 1834 Tonina
1092 1793 1259 1833 dicitur.
1318 1797 1371 1833 Et
1399 1793 1501 1847 quid
1530 1810 1613 1834 non
1644 1795 1950 1849 expectandum
1973 1806 2035 1834 est
2056 1809 2109 1835 ex

436 1866 640 1908 immenso
671 1869 896 1908 antarctico
926 1869 1122 1908 Oceano‘.2

588 1956 714 2003 142.
796 1949 844 1991 M
874 1949 914 1990 A
945 1948 983 1989 N
1011 1948 1051 1989 A
1081 1947 1125 1989 T
1156 1947 1198 1989 U
1225 1947 1251 1988 S
1317 1947 1568 1990 borealis,
1627 1948 1772 1990 TAB.
1809 1947 1964 1991 XXX.

571 2021 629 2057 M.
661 2020 901 2067 edentulus,
933 2019 1063 2059 cauda
1092 2017 1254 2065 biloba,
1293 2033 1464 2074 corpore
1494 2018 1753 2074 epidermide
1783 2019 1972 2061 loricato.

650 2098 788 2134 Vacca
818 2094 1000 2140 marina,
1029 2095 1183 2134 Steller.
1213 2095 1317 2135 Νου.
1348 2096 1461 2135 Com.
1492 2096 1651 2150 Petrop.
1681 2097 1733 2135 II.
1763 2112 1802 2151 p.
1824 2104 1914 2148 294.
1944 2098 2102 2139 Beschr.

705 2171 776 2211 der
805 2172 1012 2212 Seethiere.

487 2279 536 2323 (²⁸)
568 2281 668 2314 Conf.
697 2277 847 2314 Penmznt.
878 2280 968 2314 Zool.
1001 2290 1077 2315 aret.
1108 2279 1137 2316 I.
1163 2293 1196 2327 p.
1229 2290 1308 2321 18¹·
1337 2295 1396 2327 seq.

488 2353 560 2397 (¹‘·)
590 2356 708 2398 Saggio
737 2359 766 2389 di
793 2357 899 2390 staria
926 2357 1115 2392 Amfriama
1143 2362 1294 2403 (Romae
1326 2359 1448 2406 1780.)
1487 2362 1579 2394 Yom.
1606 2358 1635 2393 Ῑ-
1664 2369 1698 2404 P·
1728 2366 1784 2401 84·
1818 2360 1877 2391 ubi
1906 2361 2013 2391 etiam
2040 2360 2099 2392 de·

566 2414 680 2450 lineat
706 2421 891 2451 Manatum
913 2419 973 2461 fig.
1005 2431 1034 2453 ι.
