2196 2927
914 191 1057 214 ='·——'-—..
1765 195 1815 221 ...ζ

1769 208 1805 233 ζ’.

366 294 494 332 Ursus
537 291 691 340 Meles,
733 290 821 329 Lin.
864 299 967 342 ,sy-st.
1011 289 1105 326 XII.
1155 305 1187 326 1.
1230 306 1268 342 p,
1313 306 1377 342 70,
1419 306 1479 345 Sp,
1529 308 1561 332 1,
1615 291 1817 332 selu-eber,

422 370 627 406 mammal.
656 367 730 404 ΙΙΙ.
760 380 798 418 p.
830 370 921 404 516.
952 363 1034 402 tab.
1072 371 1156 412 142.

368 474 578 518 Blaireau,
605 472 768 523 Buffon.
798 472 889 511 hist.
920 480 1003 510 nat.
1034 471 1124 509 VII.
1154 486 1192 526 p.
1230 479 1315 520 104.
1354 472 1436 511 tab.
1467 490 1505 524 7.
1536 480 1573 513 8.

364 581 544 634 Badger,
587 579 780 618 Pennant.
824 579 924 632 Syn.
969 595 1007 634 p.
1039 595 1129 618 201.
1172 594 1209 618 n.
1249 586 1334 628 142.
1375 578 1493 618 Zool.
1536 580 1681 620 britan.
1711 584 1820 634 (40.)

418 656 452 693 Ι.
484 670 522 709 p.
554 670 619 705 71.
648 669 686 692 η.
722 670 781 704 19.
812 654 894 694 tab.
926 660 963 694 8.
995 669 1032 693 η.
1069 670 1128 704 19.

255 761 424 803 Rossice
454 763 623 801 Barsuk.
698 761 935 801 Malorossis
971 763 1168 802 Charzim.

251 862 413 903 Tataris
443 864 618 908 Borsuk,
665 862 794 901 etiam
823 862 867 901 in
898 861 1063 902 Sibiria.

253 970 462 1024 Mongolis
495 969 736 1014 Toroch‘zbs‚·
779 969 964 1009 Buraetis
994 971 1220 1024 Dorgong;
1253 970 1487 1012 Calmuccis
1517 971 1721 1011 Soorchan
1749 971 1817 1010 vel

313 1047 507 1086 Tdrocho.

253 1147 457 1203 Tungusis
486 1147 648 1200 NurgO,
679 1147 730 1186 ad
762 1147 973 1187 Baicalem
1002 1149 1229 1188 Darrakon.

253 1251 384 1291 Lettis
413 1251 631 1305 Ahpscha5
662 1247 822 1295 Esthis,
852 1251 1006 1292 Maehr.

253 1353 481 1407 Samojedis
511 1352 750 1393 monticolis
779 1354 932 1410 Norgo.

253 1457 417 1497 Arinzis
446 1458 634 1498 Euchas..
681 1457 861 1498 Ostiacis
893 1459 943 1498 ad
972 1461 1052 1498 Kas
1082 1458 1121 1496 fl.
1152 1458 1300 1498 Chous.

249 1558 537 1599 Tscherkessis
567 1563 734 1600 Borsuk.
810 1560 1013 1600 Ossetinis
1042 1561 1239 1611 Sagarhlt.

252 1661 495 1715 Georgianis
524 1664 742 1716 Madschy.

277 1788 374 1824 Non
416 1796 478 1824 est
518 1788 705 1840 Europae
747 1785 956 1841 peculiare
1000 1784 1174 1830 animal,
1217 1795 1261 1822 ut
1303 1786 1361 1823 ill.
1391 1784 1580 1834 Buffon
1618 1783 1811 1832 credidit,

144 1861 215 1898 sed
245 1859 370 1898 etiam
400 1874 472 1914 per
501 1859 665 1908 Asiam,
697 1859 941 1915 praesertim
970 1859 1041 1898 ubi
1070 1859 1162 1898 loca
1192 1857 1350 1912 aprica,
1394 1857 1522 1906 sicca,
1567 1857 1728 1896 deserta
1758 1859 1812 1897 fa-

144 1945 261 1980 vcnt,
303 1933 470 1988 copiose
500 1933 675 1974 habitat.
734 1935 779 1975 ln
816 1934 968 1974 Sibiria
997 1933 1239 1988 praesertim
1267 1932 1378 1972 circa
1406 1932 1610 1972 Jeniseam
1640 1933 1677 1970 fl.
1709 1932 1812 1971 locis

146 2008 341 2047 montosis
371 2008 540 2062 apricis,
580 2009 708 2048 etiam
738 2008 998 2061 Crasnojario
1027 2007 1347 2055 borealioribus,
1393 2018 1434 2046 et
1476 2020 1603 2059 usque
1647 2006 1697 2044 acl
1741 2009 1813 2044 Le-

145 2097 239 2121 nam
268 2083 307 2120 fl.
338 2084 600 2123 observatum
629 2095 709 2130 θεῖς
752 2098 828 2123 nec
872 2083 1002 2136 magis
1042 2085 1158 2122 deest
1186 2081 1232 2120 in
1278 2079 1472 2119 aestuosis
1514 2094 1651 2118 versus
1704 2094 1817 2119 mare

147 2156 362 2210 Caspium,
406 2157 649 2211 praesertim
691 2157 866 2196 desertis
907 2157 1016 2195 inter
1045 2157 1221 2195 Cumam
1262 2165 1304 2193 et
1345 2157 1476 2193 Tereo
1518 2155 1557 2193 fl.
1601 2155 1652 2193 ad
1688 2155 1816 2208 pedes

145 2231 338 2279 Caucasi,
383 2230 508 2285 inque
538 2231 629 2285 ipso
660 2231 864 2278 Caucaso,
907 2228 1107 2284 usquein
1151 2228 1314 2284 alpina,
1356 2240 1404 2268 et„
1434 2229 1540 2267 ultra
1583 2229 1812 2268 Caucasum

144 2305 187 2343 in
219 2304 397 2358 Georgia
440 2316 480 2344 et
523 2304 680 2351 Persia,
726 2316 770 2343 ut
799 2316 841 2344 et
869 2304 913 2344 in
943 2302 1202 2344 Chersoneso
1230 2303 1407 2343 taurica:
1449 2314 1494 2342 ut
1523 2302 1711 2342 videatur
1738 2317 1813 2357 per

144 2390 275 2420 totam
303 2379 446 2420 Asiam
476 2380 603 2419 etiam
632 2379 814 2419 maxime
845 2379 1062 2418 australem
1092 2378 1279 2433 evagari,
1318 2379 1668 2432 quemadmodum
1697 2388 1740 2418 et
1768 2377 1812 2416 in
