2196 2927
359 186 415 227 16
1109 183 1256 201 ·““·““““

496 297 679 350 Apparet
707 288 915 328 interdum
941 282 1051 326 circa
1079 284 1346 325 Dalai-noor
1374 295 1416 323 et
1443 285 1679 338 Argunum,
1722 285 1793 325 sed
1826 286 1946 326 datur
1972 283 2018 324 in

360 370 473 414 omni
503 371 662 409 deserto
690 362 798 402 inter
826 360 1021 401 Sibiriam
1049 371 1091 400 et
1119 358 1300 401 Chinam
1328 371 1450 414 atque
1480 359 1654 409 Indiam,
1695 370 1739 398 ut
1768 372 1810 400 et
1836 360 1880 400 in
1905 374 2020 400 mon-

356 447 464 488 tibus
495 439 649 483 alta1cis
688 448 804 477 extra
843 435 1015 492 Imperii
1049 436 1149 475 fines
1188 434 1296 484 sitis,
1340 434 1530 489 circaque
1568 434 1831 474 Araliensem
1866 435 2018 475 lacum.

358 515 559 574 Tybetani
591 516 718 555 odore
749 511 838 552 allii
861 510 1044 560 contriti,
1076 509 1185 550 circa
1208 509 1424 550 domicilia
1446 509 1489 549 in
1512 509 1686 550 sacculis
1709 509 1907 565 suspensi,
1924 524 2020 549 con-

357 606 418 633 tra
444 589 650 645 Tygrides
680 603 766 629 sese
805 587 1029 626 defendere
1070 584 1275 625 dicuntur.
1342 584 1573 625 Exauditur
1607 585 1730 640 longe
1761 584 1912 640 Tygris
1953 598 2023 623 no«

358 679 504 708 cturno
532 666 711 705 clamore
743 662 910 716 (Haubs
938 661 1129 713 Haub!),
1161 671 1205 700 ut
1234 675 1317 700 non
1339 659 1462 700 facile
1485 674 1538 700 ex
1552 658 1780 715 improviso
1797 659 2020 714 opprimat.

357 747 476 797 Ignes
505 740 631 781 etiam
658 739 790 786 timet,
823 749 865 777 et
892 737 1092 777 clamores
1121 735 1352 776 hominum.
1411 737 1474 775 Ex
1502 734 1666 776 insidiis
1705 734 1889 775 maxime
1926 734 2021 773 ado·

361 817 462 857 titur
499 816 614 864 saltu,
652 812 893 869 praesertim
928 811 1038 852 inter
1073 810 1292 852 arundines
1327 821 1369 850 et
1405 820 1567 850 carecta
1602 811 1747 850 latens.
1819 807 1946 864 Equis
1982 818 2024 848 et

363 891 538 945 Onagris
567 890 625 931 sic
655 889 835 929 maxime
864 887 1048 936 infestus,
1080 901 1178 942 quas
1208 901 1325 926 cursu
1362 885 1507 940 nequit
1542 884 1772 939 adtingere.
1845 885 1926 924 Sed
1964 882 2023 922 di-

359 977 505 1006 cuntur
533 965 635 1006 haec
666 964 859 1004 animalia
890 964 941 1002 ad
971 973 1182 1017 aspectum
1208 960 1406 1016 Tygridis
1436 960 1495 999 ita
1523 960 1769 1007 conterreri,
1812 969 1857 997 ut
1884 958 2026 1011 fugere

360 1040 558 1080 nesciant.
616 1040 739 1080 Pellis
771 1040 877 1094 apud
906 1036 1088 1091 Kirgisos
1119 1051 1226 1090 equo
1256 1034 1488 1082 estimatur,
1530 1043 1574 1071 et
1600 1031 1774 1072 inservit
1801 1030 2024 1087 praecipue

361 1115 410 1154 ad
439 1115 716 1156 obvolvendas
747 1113 893 1155 loricas
922 1128 974 1153 ex
1003 1110 1164 1152 annulis
1190 1120 1420 1151 contextas.

496 1223 605 1263 Not.
662 1225 784 1263 Pellis
814 1237 916 1276 quae
944 1221 989 1260 in
1010 1223 1156 1260 Museo
1185 1215 1441 1258 Academico
1472 1228 1665 1266 servatur,
1698 1230 1885 1272 quaeque
1917 1215 2027 1270 apud

364 1295 568 1336 Pelliones
596 1307 793 1352 prostant,
823 1294 1075 1335 Bocharicae
1104 1292 1286 1333 maxime
1317 1303 1410 1332 sunt
1438 1292 1609 1347 originis
1647 1303 1689 1331 et
1717 1302 1870 1331 statura
1906 1304 2028 1345 saepe

365 1381 557 1425 superant
587 1373 782 1410 Leonem.
840 1369 995 1409 Vivum
1023 1368 1189 1417 animal,
1221 1369 1332 1422 quod
1362 1367 1405 1408 in
1435 1367 1661 1408 Venatoria
1697 1368 1821 1407 domo
1859 1363 2030 1420 Imperi-

366 1445 422 1484 ali
452 1443 662 1499 Petropoli
690 1459 764 1499 per
791 1445 927 1499 plures
965 1458 1090 1483 annos
1126 1454 1332 1483 servatum
1369 1443 1467 1492 fuit,
1516 1443 1734 1498 parvulum
1770 1441 2029 1481 adduxerant

366 1518 557 1567 Bochari,
590 1534 665 1558 nec
692 1520 793 1558 dum
827 1520 878 1558 ad
913 1519 1141 1573 perfectam
1178 1517 1509 1571 magnitudinem
1544 1528 1804 1565 excreverat,
1844 1527 1890 1555 ut
1926 1514 2031 1553 adeo

365 1593 522 1632 lentum
550 1592 667 1645 hujus
702 1593 810 1631 ferae
838 1592 1142 1631 incrementum
1170 1606 1256 1631 esse
1288 1591 1488 1632 videatur.
1554 1596 1652 1632 Erat
1675 1603 1823 1638 autem,
1849 1589 1950 1629 licet
1971 1588 2033 1628 in-

367 1667 480 1708 doles
509 1668 625 1707 ferox
655 1666 698 1705 in
726 1677 841 1720 gestu
870 1676 1097 1721 appareret,
1130 1664 1295 1705 custodi
1325 1664 1519 1715 (natione
1537 1667 1667 1715 Indo)
1693 1665 1796 1703 adeo
1816 1664 2032 1703 adsuetum

367 1741 532 1789 animal,
561 1751 605 1780 ut
632 1739 705 1780 ille
733 1740 777 1780 in
806 1755 1024 1789 cameram,
1054 1739 1127 1780 ubi
1154 1739 1271 1779 tenui
1309 1749 1454 1778 catena
1491 1738 1706 1792 alligatum
1743 1748 1849 1786 erat,
1890 1747 2031 1791 aperta

368 1826 484 1869 porta
519 1814 709 1865 introire,
747 1815 913 1862 animal,
947 1813 1232 1869 praesentibus
1269 1812 1587 1869 spectatoribus,
1628 1827 1749 1852 manu
1781 1811 2031 1859 demulcere,

368 1889 453 1928 imo
495 1903 676 1944 pugnum
703 1889 746 1929 in
779 1889 966 1930 hiantem
995 1892 1082 1943 ejus
1120 1889 1385 1929 tremendum
1425 1887 1575 1928 rictum
1617 1888 1809 1927 audacter
1851 1886 2032 1926 inserere

369 1974 523 2018 posset;
553 1963 587 2003 si
614 1975 711 2004 tunc
742 1964 979 2004 iracundiae
1009 1963 1170 2019 signum
1207 1963 1374 2004 fremitu
1410 1963 1477 2002 vel
1514 1962 1646 2003 oculis
1682 1961 1885 2015 dedisset,
1924 1975 2034 2000 com-

372 2039 610 2092 pescebatur
647 2054 747 2079 voce
784 2038 965 2079 hominis
1002 2050 1044 2078 et
1080 2039 1165 2079 levi
1201 2040 1393 2094 adspersu
1430 2052 1578 2093 aquae,
1622 2052 1703 2092 quo
1739 2034 1940 2077 delectari
1976 2033 2034 2074 vi-

372 2112 553 2153 debatur.
584 2117 622 2166 *)
652 2139 704 2145 —
734 2116 868 2169 Caput
888 2113 1010 2155 variis
1025 2113 1160 2154 lituris
1183 2112 1311 2167 nigris
1334 2112 1504 2153 minutis
1527 2111 1835 2167 elegantissime
1858 2110 2032 2166 pictum,

457 2262 494 2312 ³⁴)
521 2265 573 2299 M.
604 2263 747 2299 Paulus
775 2264 919 2307 Vcnctus,
946 2268 981 2298 de
1005 2267 1089 2298 rebus
1121 2268 1261 2302 oriental.
1295 2267 1364 2302 Lib.
1397 2265 1448 2300 ΙΙ.
1482 2277 1538 2310 cap
1590 2279 1641 2314 17.
1676 2267 1786 2300 refert
1816 2264 1943 2297 Kublai
1975 2261 2034 2294 vel

525 2325 697 2358 Chubilae
732 2325 892 2359 Chanum
928 2326 1022 2367 apud
1054 2328 1150 2357 Sinas
1183 2330 1218 2358 in
1251 2330 1441 2359 venatione
1474 2326 1676 2358 adhibuisse
1710 2327 1816 2356 etiam
1848 2322 2034 2365 Tygrides‚

530 2395 616 2428 quas
644 2388 774 2419 Leones
802 2388 922 2429 vocat,
949 2387 1099 2430 majores
1127 2387 1342 2430 Babyloniis,
1370 2389 1407 2419 et
1429 2388 1518 2418 varii
1538 2386 1685 2427 coloris,
1708 2383 1793 2426 albi,
1818 2384 1908 2425 nigri
1928 2385 2035 2423 atque
