2196 2927
1696 174 1823 219 XVII

155 314 258 356 ideo
306 312 427 354 nihil
472 320 637 370 agunt,
718 310 798 366 qui
843 317 1003 365 postea
1050 308 1331 349 excolendae
1376 309 1592 352 scientiae
1640 323 1821 367 operam

153 401 450 441 collocarunt.
525 398 621 446 Sic,
668 404 720 436 ut
756 396 803 436 in
840 393 1076 436 recentiori
1114 394 1327 449 exemplo
1366 396 1629 446 consistam,
1667 410 1821 452 quam-

153 499 287 542 quam
331 480 846 526 Swazsnmerclamius
892 480 1099 537 operosis
1147 488 1193 521 et
1237 479 1525 521 nobilissimis
1572 483 1819 524 observatis

151 570 424 612 Insectorum
462 577 687 618 naturam,
761 567 1049 609 minutiosum
1088 574 1323 608 anatomen
1361 574 1407 606 et
1443 569 1818 623 metamorphoses

151 655 452 712 patefecerat,
524 663 718 696 attamen
773 653 811 694 si
867 652 1105 694 minutiosa
1158 651 1496 702 Reaumurii,
1552 652 1820 701 Roeselii,

151 740 389 796 Lyoneti
442 753 532 782 non
569 741 829 781 accessisset
875 739 1118 789 industria,
1173 739 1316 780 inulta
1355 738 1601 780 hodienum
1638 739 1820 797 egregia

148 838 229 867 nos
266 827 472 868 laterent.

323 911 551 968 Denique,
590 912 739 968 posito
778 913 919 953 multa
961 925 1080 953 nunc
1118 910 1332 953 historiae
1368 910 1587 953 naturalis
1624 911 1821 952 cultores

146 1007 267 1039 nunc
304 1011 550 1053 occupare,
597 1011 713 1053 quae
751 998 807 1039 ad
840 997 1061 1039 Scientiae
1099 998 1406 1039 tantummodo
1445 997 1822 1053 complementum

149 1084 378 1132 serviunt,
415 1083 548 1124 immo
586 1097 703 1139 quae
740 1091 912 1125 tantum
949 1085 1107 1135 juvant
1121 1097 1135 1136 3
1174 1097 1321 1124 nonne
1360 1084 1470 1124 istae
1494 1083 1724 1133 minutiae,
1763 1082 1820 1124 ad

147 1168 321 1210 futuros
358 1181 466 1208 usus
505 1168 751 1224 aliquando
791 1169 903 1209 forte
940 1169 1228 1226 dirigendae,
1277 1169 1487 1224 praeferri
1525 1177 1716 1224 possunt
1751 1177 1820 1210 tot

147 1254 272 1295 seriis
310 1253 466 1312 nugiS‚
505 1253 671 1310 quibus
708 1253 974 1304 Rhetorica,
1012 1253 1191 1303 poesis,
1230 1256 1409 1312 garrula
1447 1253 1815 1309 lurisprudentia,

146 1348 466 1396 aeternumque
523 1340 762 1381 duraturae
818 1340 1235 1397 Metaphysicorum
1292 1349 1428 1397 atque
1473 1338 1816 1398 Theologorum

146 1426 272 1467 rixae
327 1434 394 1467 tot
449 1425 734 1468 voluminum
791 1425 935 1467 millia
990 1435 1094 1482 post
1139 1426 1369 1468 inventam
1439 1425 1816 1483 Typographiam

148 1511 466 1566 adimplerunt.
540 1511 697 1552 Nonne
744 1511 1145 1567 Physiophilorum
1192 1511 1326 1552 etiam
1364 1512 1670 1553 indoctiorum
1698 1511 1815 1561 ludi,

146 1594 338 1645 Musea,
384 1596 516 1636 immo
554 1610 732 1653 nugae,
793 1596 965 1637 saniore
1003 1597 1173 1647 judicio
1211 1596 1586 1651 ponderantibus,
1641 1596 1816 1651 praefe-

146 1680 311 1721 rendae
355 1680 632 1722 videbuntur
680 1681 802 1721 ludis
845 1681 1033 1721 scenicis
1081 1689 1126 1721 et
1168 1681 1462 1735 pecuniariis,
1524 1680 1689 1737 quibus
1726 1689 1815 1723 tam

146 1766 337 1823 prodige
382 1773 577 1823 tempus,
606 1774 652 1807 et
696 1765 898 1809 fortunas
944 1766 1213 1822 impendunt
1258 1761 1504 1822 proceres?
1562 1766 1642 1807 vel
1679 1766 1814 1822 pictis

145 1851 315 1892 tabulis
337 1860 383 1892 et
412 1861 504 1893 arte
542 1852 734 1909 sculptis
771 1852 1062 1910 imaginibus,
1101 1866 1217 1908 quae
1255 1853 1480 1894 thesauris
1518 1851 1811 1900 redimuntur,

146 1944 200 1976 ut
236 1936 292 1977 ad
330 1945 510 1994 tempus
550 1938 637 1979 sint
674 1934 980 1995 spectaculo?
1043 1939 1123 1979 vel
1160 1938 1341 1979 tandem
1378 1938 1564 1995 reliquis
1602 1938 1813 1979 luxuriae

147 2028 193 2062 et
229 2022 461 2064 suberbiae
509 2024 791 2079 crepundiis,
858 2037 974 2080 quae
1021 2025 1068 2065 in
1109 2032 1282 2065 tantum
1329 2024 1468 2065 hodie
1505 2024 1814 2073 invaluerunt,

146 2114 199 2147 ut
236 2107 449 2149 mundum
494 2108 586 2151 fere
632 2119 790 2167 regant
827 2119 872 2151 et
910 2118 1026 2151 meta
1064 2110 1176 2159 sint,
1240 2123 1330 2165 quo
1368 2110 1497 2151 turba
1535 2109 1676 2150 omnis
1714 2109 1813 2151 cul-

144 2191 309 2233 tiorum
346 2193 604 2247 hominum,
644 2195 775 2235 eriam
814 2208 894 2250 per
931 2194 1115 2235 crimina
1153 2203 1199 2235 et
1235 2196 1444 2250 perjuria,
1482 2194 1642 2236 tendit.

319 2276 546 2335 Denique,
595 2280 629 2320 si
651 2279 977 2336 phylisophico
1009 2280 1155 2322 animo
1183 2280 1367 2322 interest.
1391 2281 1518 2338 globi
1555 2280 1691 2321 nostri
1712 2280 1810 2321 uni-

143 2375 339 2413 versum,
377 2372 422 2406 et
442 2365 696 2415 relationes,
744 2365 1079 2417 similitudines,
1117 2366 1332 2414 divortia,
1358 2375 1560 2409 naturam
1579 2378 1811 2424 corporum

1309 2453 1377 2477 ,ἦε-Ἣ*
