2196 2927
402 220 461 272 78
1160 223 1308 248 ’ξ’-...ἵ

536 327 611 363 Per
639 335 805 363 omnem
834 321 1023 362 Rossiam
1050 332 1093 362 et
1121 321 1318 363 Sibiriam
1348 323 1399 363 ad
1425 335 1552 376 usque
1582 321 1916 366 Camtschatcam
1957 325 2070 367 circa

403 399 670 440 notabiliores
698 395 843 436 fluvios
871 408 913 436 et
942 396 1132 446 flumina,
1175 396 1366 453 circaque
1395 397 1507 438 lacus
1548 396 1732 451 piscosos
1768 399 1945 454 ubique,
1989 400 2073 441 nisi

402 475 445 515 in
475 472 656 513 maxime
683 471 918 512 borealibus
947 471 1043 511 satis
1073 473 1262 527 frequens
1291 484 1365 512 est.
1424 476 1472 512 In
1504 472 1742 513 American]
1772 489 1935 529 quoque
1965 486 2071 515 tran-

403 548 486 588 siit.
515 536 518 539 .
544 546 713 587 Habitat
741 558 783 586 et
810 545 855 585 in
884 547 1067 587 Caucaso
1091 548 1141 587 ad
1158 549 1313 603 Cyrum
1334 546 1578 603 praesertim
1600 547 1790 598 fluvium,
1821 548 1864 589 in
1880 549 2016 589 Persia
2031 561 2073 590 et

402 639 477 679 per
505 636 671 663 omnem
699 621 909 661 Tatariam
938 636 1148 676 magnam,
1194 624 1299 663 forte
1341 624 1393 663 ad
1430 624 1554 663 Indos
1582 638 1723 678 usque.
1796 627 1989 664 Montosa
2031 636 2074 665 et

405 696 605 752 sylvatica
635 696 856 752 praecipue
886 708 1009 736 amat.
1081 701 1129 736 In
1169 697 1269 753 ripis
1305 697 1517 738 cuniculos
1546 698 1673 748 fodit,
1719 698 1834 738 aditu
1876 701 2074 754 subaqua-

403 773 509 821 tico,
539 788 634 812 cuin
649 773 778 811 altero
804 772 1048 826 plerumque
1072 771 1208 821 exitu,
1239 773 1282 812 in
1306 788 1389 827 quo
1418 787 1538 827 saepe
1568 774 1671 821 duo,
1702 784 1835 813 tresve
1859 773 1981 813 simul
2006 775 2074 814 de-

405 858 518 902 gunt.
576 846 754 886 Victitat
781 846 982 900 piscibus,
1014 846 1196 885 muribus
1226 858 1269 886 et
1298 847 1440 887 avibus
1472 847 1687 901 aquaticis.
1752 847 1932 887 Piscium
1962 864 2074 903 prae-

405 921 546 962 sertim
577 920 712 975 capita
742 922 978 961 comedunt.
1043 921 1212 960 Pariunt
1240 937 1335 961 vere
1363 922 1606 977 plerumque
1636 921 1769 962 binos.
1828 923 1962 962 Pelles
1990 923 2077 963 vul-

405 995 515 1051 pinis
545 996 730 1045 viliores,
774 998 984 1050 quondam
1024 995 1192 1051 copiose
1229 996 1467 1036 Sinensibus
1510 1011 1662 1035 venum
1701 998 1991 1051 portabantur,
2035 1010 2077 1038 et

407 1071 635 1111 etiamnum
665 1072 714 1110 ad
744 1070 1006 1110 fimbriandas
1036 1085 1177 1110 eorum
1219 1081 1261 1110 et
1304 1070 1596 1125 Mongolorum
1638 1069 1895 1125 aliorumque
1937 1072 2077 1126 plebe-

406 1149 539 1199 jorum
568 1156 702 1185 vestes
732 1145 775 1185 'm
805 1145 1014 1200 frequenti
1041 1161 1114 1185 usu
1145 1156 1250 1185 sunt.
1321 1144 1514 1185 Serviunt
1548 1144 1696 1192 etiam,
1739 1145 1903 1186 inverso
1931 1145 2077 1187 intror-

409 1235 498 1259 sum
525 1219 633 1274 pilo,
663 1234 737 1273 pro
760 1219 942 1273 vaginis,
971 1219 1016 1259 in
1046 1220 1193 1273 quibus
1222 1219 1449 1274 pulcriores
1479 1218 1777 1258 Zibellinarum
1806 1221 1936 1273 pelles
1966 1236 2078 1275 prae-

409 1293 551 1334 sertim
578 1308 653 1347 pro
681 1292 861 1347 longiori
888 1293 1038 1333 itinere
1069 1305 1336 1334 asservantur.
1408 1292 1698 1332 Sacerdotibus
1738 1293 1921 1334 Rossicis
1951 1296 2079 1336 etiam

408 1368 533 1422 vulgo
562 1368 613 1407 ad
642 1367 787 1407 Mitras
816 1366 1148 1408 adhibentur.—-
1175 1370 1305 1424 Saepe
1332 1368 1376 1408 in
1405 1367 1532 1407 nassis
1559 1366 1812 1422 piscatoriis,
1850 1380 1892 1408 et
1921 1370 2006 1410 vivi
2034 1371 2078 1411 in

408 1442 564 1482 retibus
594 1442 828 1497 capiuntur;
858 1441 1010 1496 hyeme
1040 1442 1167 1482 etiam
1197 1443 1386 1491 canibus,
1431 1441 1675 1497 quibuscum
1719 1442 1868 1482 acriter
1908 1458 2077 1499 pugnat,

411 1532 547 1557 morsu
574 1518 802 1556 tremenda.
869 1520 1051 1556 Incessus
1080 1529 1263 1571 reptans,
1302 1516 1522 1564 demissus,
1560 1516 1605 1555 in
1633 1516 1730 1556 nive
1761 1529 1803 1557 et
1831 1519 1963 1571 glacie
1992 1535 2080 1560 cae-

410 1590 575 1634 lerrime
604 1590 739 1645 polito
769 1590 922 1629 vellere
969 1590 1128 1644 gliscit,
1174 1592 1328 1630 caudae
1371 1590 1501 1629 etiam
1544 1601 1658 1629 motu
1701 1602 1744 1630 et
1786 1591 1878 1632 nisu
1920 1595 2078 1647 adjuta3

409 1665 668 1721 provolvitur
694 1665 739 1705 in
767 1666 952 1713 dorsum,
996 1664 1170 1719 erigitur
1209 1665 1253 1704 in
1294 1664 1523 1719 posteriora
1563 1679 1770 1719 pugnans3
1814 1682 1890 1707 nec
1930 1668 2080 1709 timida

411 1752 493 1788 est,
536 1741 607 1780 sed
643 1741 886 1779 auscultans.
958 1741 1049 1780 Vox
1085 1739 1169 1780 irae
1198 1740 1331 1789 nulla,
1374 1740 1447 1779 sed
1476 1739 1745 1779 moribundae
1776 1741 1953 1794 gemitus
1994 1745 2078 1783 fere

414 1814 631 1853 infantilis.
689 1814 882 1854 Manibus
911 1826 1005 1869 apte
1034 1815 1174 1855 utitur.
1234 1814 1423 1869 Quiescit
1445 1825 1648 1868 prostrato
1671 1829 1841 1870 corpore
1858 1828 1899 1856 et
1928 1817 2078 1872 capite.

414 1891 573 1942 Hyeme
601 1888 842 1944 praesertim
872 1890 955 1929 adit
986 1890 1146 1945 alpinos
1172 1901 1393 1938 torrentes,
1437 1888 1509 1943 qui
1539 1903 1620 1928 non
1650 1889 1892 1943 glaciantur.
1914 1917 1969 1925 -—-
1997 1893 2080 1933 Ob-

414 1973 596 2002 servatae
623 1963 752 2004 etiam
780 1964 951 2004 nostrati
981 1964 1218 2005 simillimae
1246 1964 1290 2004 in
1326 1963 1471 2004 insulis
1508 1978 1645 2004 versus
1686 1965 1906 2006 Americae
1950 1966 2080 2007 conti-

415 2049 582 2078 nentem
611 2039 719 2089 sitis,
757 2040 999 2095 praesertim
1029 2042 1206 2087 Cadiac,
1240 2051 1283 2079 et
1309 2040 1354 2079 in
1382 2039 1472 2094 ipso
1503 2039 1766 2080 Continentis
1794 2040 2080 2095 promontorio

413 2114 608 2161 Alaeslza3
645 2116 717 2155 sed
744 2115 788 2154 in
816 2115 961 2155 insulis
989 2115 1251 2156 citerioribus
1280 2116 1408 2155 deest.
1479 2115 1689 2154 Maximae
1721 2126 1813 2154 sunt
1842 2113 2079 2155 Camtscha-

414 2187 542 2237 ricae,
585 2188 656 2228 ubi
698 2189 873 2242 gentiles
911 2194 1053 2230 Lutras
1084 2192 1256 2230 credunt
1283 2190 1447 2244 tugurio
1476 2189 1632 2238 illatae,
1678 2190 1947 2229 familiaribus
1975 2203 2080 2228 mor-

416 2262 513 2300 bum
553 2278 775 2304 venereum
814 2263 1025 2303 inducere.
1094 2265 1322 2305 Distinctio
1362 2277 1500 2304 autem
1541 2266 1760 2305 Gunneri
1805 2264 1873 2317 (in
1910 2274 1994 2303 not.
2028 2264 2079 2303 ad

415 2335 534 2374 Leem
561 2338 608 2376 de
637 2338 920 2393 Lapponibus)
963 2337 1072 2377 inter
1112 2339 1307 2388 marinas,
1352 2339 1552 2379 littorales
1593 2351 1636 2379 et
1675 2338 1895 2378 fluviatiles
1936 2341 2078 2377 Lutras

419 2408 506 2449 sine
535 2410 801 2453 fundamento
829 2427 915 2453 esse
945 2412 1128 2462 videtum
1171 2429 1247 2454 nec
1285 2429 1463 2468 unquam
1500 2416 1607 2468 apud
1645 2427 1717 2452 nos
1748 2413 1859 2452 albas
1888 2412 2076 2454 inventas
