2196 2927
378 201 431 241 58
1131 200 1275 222 =

538 306 716 351 Ainlzuk,
750 301 955 356 Canagice
977 301 1021 341 in
1044 299 1310 350 Ins.Kadiak,
1342 299 1533 344 machaa,-
1562 297 1864 341 Tschuktsehis
1888 303 2041 343 Hine-n.

537 378 688 420 Curilis
718 379 906 432 Schtdpo.

481 481 682 536 Tangutis
716 482 849 521 Tschi.
907 480 1072 535 Ziganis
1102 481 1310 520 Dshukell.

485 584 725 625 Sinensibus
757 585 905 624 kazeu.
962 583 1260 639 Japonensibus
1290 584 1377 622 Ιηιι.

481 687 676 727 Armenis
712 688 971 735 lVorzsclzu123
1003 686 1185 727 foemina
1214 688 1459 727 Katzschun,

480 790 814 832 Camtschadalis
843 791 993 830 Koshzz.
1053 789 1246 830 Coraecis
1275 790 1455 828 Hataan.

481 892 782 934 Tschuktschis
810 895 977 933 nomad.
1009 895 1203 938 Haettem·
1237 891 1480 932 sedentariis
1509 893 1718 944 Kykmyk.

509 998 738 1052 Improprie
769 1008 981 1051 tamquam
1011 997 1195 1052 speciem
1232 996 1351 1052 posui
1390 995 1561 1050 stirpem
1598 995 1924 1036 domesticorum
1965 996 2049 1036 ani-

372 1070 564 1119 malium,
605 1086 708 1125 quae
738 1083 825 1111 tota
856 1071 1037 1111 hominis
1067 1071 1270 1112 industria
1300 1081 1436 1110 creata
1466 1080 1546 1117 est,
1591 1083 1644 1108 ex
1674 1068 1867 1124 hybridis
1897 1071 2049 1111 verosi-

372 1145 552 1186 millime
583 1146 930 1200 generationibrffi,
963 1146 1075 1186 canis
1107 1146 1220 1186 aurei
1249 1144 1512 1200 praesertim,
1551 1159 1646 1183 cum
1689 1145 1808 1199 lupo,
1854 1146 1978 1200 vulpe
2009 1158 2050 1185 61

372 1221 478 1260 forte
521 1220 684 1275 hyaena
728 1221 901 1275 aliisque
942 1221 1256 1275 congeneribus.
1337 1218 1516 1259 Seorsim
1559 1233 1650 1257 eam
1685 1219 1826 1273 posui,
1871 1221 1967 1274 quia
1998 1223 2051 1261 ad

374 1295 530 1335 nullam
574 1294 720 1334 harum
760 1295 990 1350 specierum
1019 1294 1289 1349 peculiariter
1318 1294 1534 1333 referenda
1577 1307 1663 1333 esse
1694 1293 1878 1341 videtur-3
1921 1295 2050 1349 magis

374 1369 487 1409 varia
518 1369 694 1425 quippe,
727 1380 769 1408 et
799 1369 927 1423 magis
958 1369 1207 1424 composita,
1240 1384 1363 1424 quam
1393 1368 1478 1407 ulla
1509 1367 1590 1407 alia
1621 1369 1943 1409 domesticorum
1968 1369 2051 1409 ani-

375 1445 561 1484 malium.
592 1468 634 1474 -
678 1446 802 1484 Canis
833 1447 1057 1496 familiaris*
1099 1445 1206 1498 apud
1245 1458 1387 1484 omnes
1430 1443 1604 1497 populos
1649 1444 1722 1482 sub
1765 1444 2049 1484 moderamine

375 1519 537 1572 Sceptri
567 1518 737 1558 Rossiae
767 1519 976 1566 viventes,
1025 1518 1224 1564 occurrit3
1268 1519 1377 1572 apud
1419 1516 1625 1570 'agricolas
1668 1529 1709 1556 et
1741 1521 1953 1559 Nomadas
1984 1535 2047 1559 cu-

378 1603 460 1631 stos
491 1607 661 1646 gregum
692 1603 733 1631 et
762 1592 1038 1646 tuguriorum3
1084 1594 1192 1646 apud
1224 1590 1458 1631 venatorios
1489 1592 1664 1646 populos
1695 1607 1833 1632 comes
1865 1605 1906 1634 61
1934 1594 2048 1634 auxi-

376 1666 497 1706 liator
527 1667 733 1713 laborum3
764 1668 934 1706 tandem
965 1668 1073 1721 apud
1103 1677 1265 1720 gentes,
1297 1666 1340 1706 in
1370 1665 1519 1705 ultimo
1542 1665 1667 1705 Asiae
1692 1668 1861 1721 angulo,
1892 1666 2049 1707 iumen-

374 1752 418 1780 to
449 1752 655 1790 carentes,
688 1745 965 1791 jumentorum
995 1742 1089 1781 loco
1112 1741 1266 1781 servire
1296 1752 1474 1781 coactus.
1535 1741 1721 1781 Variecas
1751 1741 1934 1781 max-ime
1965 1743 2050 1782 vul-

376 1815 481 1869 garis
518 1830 592 1869 per
629 1816 824 1856 Sibiriam
853 1827 914 1856 est
951 1821 1062 1856 canis
1116 1822 1303 1865 rusticus,
1349 1814 1532 1870 corporis
1562 1816 1832 1870 praestantia,
1877 1817 2046 1866 viribus,

377 1889 535 1938 animo,
581 1891 718 1930 colore
761 1903 801 1930 et
832 1891 935 1931 villo
965 1891 1155 1947 proxime
1186 1893 1238 1932 ad
1267 1895 1429 1946 Lupum
1457 1891 1670 1931 accedens.
1741 1892 1867 1947 Apud
1897 1895 2047 1931 Noma—

377 1966 446 2003 das
476 1980 647 2020 magnae
677 1967 868 2006 Tatariae
898 1969 937 2006 V
935 1972 1103 2014 arietem,
1146 1966 1313 2022 propius
1343 1968 1395 2006 ad
1424 1981 1569 2006 canem
1599 1981 1767 2006 aureum
1796 1967 1945 2015 forma,
1993 1966 2047 2005 le-

376 2038 505 2079 vitate
536 2051 577 2080 et
606 2041 838 2095 gracilitate
871 2044 1089 2091 accedens,
1122 2042 1352 2097 similisque
1382 2046 1473 2081 cani
1497 2045 1635 2097 grajo,
1680 2040 1924 2090 femoribus,
1957 2056 2046 2081 cau-

375 2114 427 2163 da
470 2126 511 2154 et
554 2130 674 2171 saepe
719 2116 882 2157 auribus
923 2117 1112 2171 longiore
1153 2117 1255 2158 villo
1284 2115 1455 2171 jubatis,
1501 2116 1707 2156 coloribus
1739 2127 1780 2155 61
1811 2116 2047 2156 accessoriis

376 2189 487 2228 varie
532 2191 712 2244 degener
755 2203 796 2230 et
837 2207 911 2246 per
953 2192 1126 2232 selectas
1170 2193 1337 2247 copulas
1381 2193 1489 2247 apud
1532 2195 1766 2247 Europaeos
1812 2191 2044 2232 nobilitata.

377 2265 590 2304 Praeterea
634 2281 717 2306 non
759 2265 994 2320 infrequens
1037 2273 1149 2307 canis
1192 2271 1367 2323 pumilus
1409 2267 1597 2316 villosus,
1642 2268 1885 2323 plerumque
1924 2268 2046 2305 rufes-

377 2350 493 2385 cens,
539 2353 662 2393 quem
705 2339 828 2380 facile
869 2354 942 2394 pro
971 2339 1154 2393 hybrido
1197 2343 1332 2397 vulpis
1377 2356 1583 2395 agnoscas.
1655 2345 1870 2380 Praeterea
1912 2340 2044 2380 omnis

377 2411 540 2464 generis
571 2414 760 2454 exoticae
791 2414 1029 2463 varietates,
1063 2419 1164 2468 (non
1192 2427 1371 2471 excepto
1402 2430 1503 2455 cane
1534 2415 1685 2470 depili,
1731 2429 1854 2469 quem
1883 2415 2043 2469 saepius
