2196 2927
920 196 1064 210 .-.
1765 202 1820 243 17

148 296 328 337 maxime
358 295 402 336 in
430 295 587 338 vertice
616 308 657 338 et
685 295 794 337 circa
830 296 990 343 oculos;
1029 295 1189 335 macula
1225 294 1428 352 insignior
1469 297 1585 354 nigra
1621 313 1741 355 supra
1777 314 1819 343 et

145 371 189 411 in
220 387 312 411 area
341 372 599 427 superciliari
629 370 780 411 albida.
840 371 996 425 Corpus
1026 385 1146 426 supra
1161 370 1322 410 intense
1342 374 1514 424 fulvum,
1540 373 1666 429 virgis
1688 386 1814 415 trans-

145 448 272 487 versis
301 447 344 487 in
375 448 494 487 dorso
522 445 756 500 duplicatis,
795 460 915 500 supra
951 445 1113 486 lumbos
1150 447 1431 486 concatenatis
1471 460 1513 488 et
1546 465 1621 504 per
1655 450 1812 490 femora

145 522 508 576 convergentibus3
539 520 678 560 subtus
710 519 862 568 album,
893 520 1031 560 fasciis
1060 519 1277 560 latioribus
1306 520 1448 576 nigris.
1507 525 1655 578 Virgae
1694 527 1809 566 obso-

146 597 312 636 letior-es
367 610 441 650 per
469 609 601 635 armos
631 594 840 650 obliquae,
871 606 910 635 et
940 595 1143 650 insignior
1170 595 1376 650 utrinque,
1409 597 1632 652 duplicata,
1662 600 1704 638 in
1727 600 1810 640 col-

145 674 226 711 lum
257 681 298 710 et
328 685 461 710 armos
488 682 731 710 transversa.
790 671 915 711 Pedes
943 671 1156 726 caudaque
1185 682 1414 712 transverse
1444 672 1569 721 varia,
1603 673 1738 726 strigis
1765 674 1808 720 in

144 747 296 786 caudae
325 745 447 786 initio
477 759 550 801 per
579 743 692 800 paria
723 745 1036 801 approximatis.

632 914 675 943 2.
765 902 996 944 FELIS
1050 901 1322 945 Pardus.

278 1023 323 1060 F.
354 1022 483 1060 cauda
513 1022 716 1075 elongata,
748 1035 920 1076 corpore
951 1021 1112 1070 albido,
1141 1022 1314 1062 maculis
1353 1021 1616 1063 annularibus
1655 1020 1808 1064 inordi-

141 1093 258 1143 natis,
291 1109 382 1134 area
419 1094 639 1150 punctatiS.

355 1198 493 1246 Once,
540 1197 702 1250 Buffon.
739 1199 876 1238 histor.
913 1198 986 1236 IX.
1024 1213 1063 1252 p.
1108 1205 1193 1240 151.
1231 1200 1293 1239 ed.
1332 1203 1425 1239 min.
1463 1199 1615 1238 XVIII.
1646 1215 1685 1253 p.
1718 1205 1809 1251 275.

409 1273 493 1312 tab.
530 1279 589 1313 13.
618 1273 810 1313 Ρεηηαηε.
840 1287 931 1326 syn.
962 1288 1001 1328 p.
1038 1280 1122 1326 175.
1154 1288 1190 1312 η.
1228 1281 1314 1314 126.

356 1378 484 1425 Unza,
516 1375 718 1416 Sclzreber.
747 1390 869 1415 mam.
898 1376 973 1414 III.
1003 1392 1042 1431 p.
1073 1382 1164 1417 386.
1196 1377 1279 1417 tab.
1316 1393 1402 1417 100.

356 1479 475 1528 Irbis,
504 1480 665 1519 Maller.
693 1479 820 1521 Saml.
848 1480 924 1518 III.
952 1494 992 1534 p.
1022 1485 1115 1532 607.

275 1581 445 1622 Rossice
476 1583 593 1621 Bars.
974 1580 1178 1634 Tungusis
1205 1582 1351 1621 Kanik.

274 1655 436 1694 Tataris
465 1656 690 1709 Asgansch.
976 1654 1176 1707 Tangutis
1205 1656 1377 1707 S⁷tagg.

273 1729 428 1769 Jacutis
463 1730 658 1769 Chachai.
980 1727 1220 1767 Sinensibus
1250 1728 1409 1782 Pu-pi.

275 1802 475 1844 Bocharis
503 1815 547 1844 et
574 1800 785 1858 Mongolis
813 1799 930 1842 Irbis.
972 1801 1270 1858 Japonensibus
1302 1803 1424 1842 Τόνα.

277 1909 341 1947 Ex
369 1907 470 1948 Asia
500 1906 639 1948 media
665 1905 821 1962 passim
850 1919 925 1961 per
952 1905 1198 1946 solitudines
1227 1904 1464 1961 subalpinas
1500 1903 1721 1960 sylvestres
1751 1903 1809 1943 Si-

142 1980 274 2021 biriae
303 1982 552 2023 australioris
581 1993 788 2037 evagatur,
818 1991 860 2020 et
892 1981 943 2020 ad
970 1980 1155 2021 Altaicas
1186 1981 1298 2036 alpes
1328 1980 1467 2029 rarius,
1498 1979 1608 2020 circa
1621 1978 1811 2019 Jeniseae

142 2070 239 2095 vero
268 2067 311 2095 et
338 2056 594 2097 Kemtschuk
622 2058 662 2097 fl.
707 2055 887 2110 origines
916 2067 958 2096 et
989 2056 1040 2095 ad
1068 2056 1279 2096 Baicalem
1310 2055 1353 2095 in
1377 2054 1526 2109 alpinis
1554 2053 1809 2108 saepiuscule

144 2141 325 2185 apparet.
383 2134 431 2170 In
458 2131 626 2186 regione
654 2130 744 2171 Uth
772 2130 902 2180 fluvii,
933 2131 1123 2185 interque
1152 2145 1247 2170 eum
1276 2141 1318 2169 et
1346 2131 1478 2168 Amur
1501 2129 1540 2168 fl.
1566 2127 1719 2168 dicitur
1733 2127 1810 2166 fre-

296 2274 397 2305 rubei
425 2273 570 2305 radiolis
597 2274 632 2304 in
658 2272 739 2316 pilis
768 2272 969 2314 distinctos,
998 2275 1058 2316 qui
1085 2275 1119 2306 in
1146 2273 1313 2306 vehiculo
1341 2271 1563 2304 ducebantur
1589 2270 1659 2302 duo
1686 2269 1805 2310 simul,

297 2336 470 2375 sequente
498 2337 687 2375 utrumque
715 2333 879 2366 canicule
906 2344 1030 2377 parvo.
1083 2337 1130 2367 Iis
1144 2334 1365 2367 venabantur
1385 2342 1504 2374 apros,
1522 2341 1639 2374 ursos,
1664 2339 1806 2371 cervos,

290 2403 457 2436 onagros,
484 2393 595 2426 boves
622 2392 828 2436 sylvestres,

1442 2467 1465 2502 3
