2196 2927
163 278 416 320 aestimatae.
474 281 561 319 Hae
591 288 712 334 saepe
740 291 822 323 ore,
852 285 1010 321 ventre,
1039 273 1132 327 gula
1161 274 1380 316 extimisve
1419 275 1593 331 pedibus
1623 276 1830 318 albo-no-

157 366 281 395 tatae.
339 355 490 404 Canae,
521 353 638 408 nigro
666 352 862 406 virgatae‚
890 350 1000 388 ferae
1031 348 1149 404 stirpi
1179 349 1418 399 similiores,
1453 366 1551 406 quas
1582 351 1755 406 Cyprias
1784 352 1827 392 in

158 430 379 471 Germania
410 439 573 474 vocant,
601 438 761 467 tantum
782 426 826 465 in
849 423 1157 465 australioribus
1180 423 1363 470 Rossiae,
1383 425 1626 479 praesertim
1640 425 1684 465 in
1700 426 1828 468 Cher-

157 521 302 546 soneso
330 504 485 545 taurica
514 503 748 557 frequentes
783 512 890 548 sunt,
926 511 969 539 et
1004 498 1232 539 certissime
1269 498 1538 540 adventitiae.
1580 525 1627 531 —-
1685 502 1830 543 Felem

157 581 294 636 pulice
324 594 406 620 non
436 577 624 617 infestari
651 577 754 616 falso
785 575 927 616 asserit
955 577 1232 621 Limnaeum
1275 574 1383 629 apud
1414 588 1486 613 nos
1516 574 1749 629 frequentes
1784 576 1828 616 in

157 655 207 695 iis
246 665 412 700 aestate,
450 652 620 693 minoris
656 651 898 692 rufescentis
934 649 1146 690 varietatis
1182 649 1354 704 pulices,
1401 674 1448 678 —
1506 650 1642 689 Mares
1683 651 1829 692 felium

157 744 318 784 semper
346 729 483 784 capite
512 727 732 768 torosiores
762 737 803 766 et
832 727 1101 772 robustiores,
1139 736 1313 779 uterque
1343 735 1482 763 tamen
1512 738 1631 763 sexus
1660 741 1681 764 a
1717 727 1825 765 mole

154 805 264 845 ferae
294 803 432 859 stirpis
463 805 639 843 multum
675 800 902 842 deminuta.
974 802 1139 841 Femina
1178 799 1287 855 parit
1324 799 1369 838 in
1409 799 1514 838 latus
1555 801 1827 848 decumbens;

155 895 224 921 ore
253 879 333 920 sibi
362 878 654 920 obstetricatur
681 877 784 933 ipsa,
811 877 1048 932 placentam
1077 877 1248 917 devorat
1276 886 1318 918 et
1346 889 1467 930 saepe
1489 890 1616 915 unum
1639 875 1829 916 alterum-

155 969 234 1010 que
263 955 436 1010 pullum.

289 1108 358 1147 No
370 1117 397 1147 t.
435 1126 465 1147 1.
521 1108 693 1147 Pelles
720 1111 803 1146 cati
820 1109 916 1160 feri,
945 1121 1043 1161 quas
1074 1107 1124 1146 ad
1154 1106 1329 1147 Cumam
1356 1106 1395 1144 fl.
1427 1116 1565 1159 captas
1595 1115 1636 1143 et
1670 1118 1692 1144 e
1723 1104 1825 1145 Cau-

155 1197 250 1222 caso
280 1182 435 1222 adlatas
464 1181 652 1228 tractavi,
683 1196 787 1236 quae
819 1197 840 1220 a
870 1188 918 1221 30
950 1182 1001 1220 ad
1032 1187 1079 1221 60
1111 1179 1292 1219 hastulas
1333 1179 1415 1219 emi
1454 1180 1609 1226 solent,
1650 1178 1827 1233 longitu-

156 1257 252 1296 dine
289 1269 405 1297 erant
433 1268 608 1312 quatuor
635 1257 898 1302 dodrantum,
930 1256 1060 1295 cauda
1090 1253 1518 1309 sesqui-dodrantali.
1584 1256 1707 1295 Color
1742 1252 1829 1308 qui-

156 1333 329 1372 busdam
358 1331 667 1373 cano-cinereus
699 1333 774 1383 (ut
801 1330 875 1370 feli
904 1330 1100 1385 cypriae)
1140 1329 1232 1370 aliis
1262 1343 1481 1383 gryseoseu
1516 1328 1830 1369 lutescente-ci-

157 1422 314 1454 nereus,
344 1407 447 1463 (qui
474 1406 602 1447 etiam
628 1406 673 1446 in
702 1405 933 1446 domestica
961 1420 1082 1461 saepe
1112 1405 1319 1458 occurrit)
1355 1404 1398 1444 in
1436 1403 1575 1444 medio
1607 1405 1728 1444 dorso
1759 1404 1829 1443 ob-

159 1482 325 1523 scurior.
381 1484 511 1523 Aures
540 1482 793 1529 concolores,
827 1481 936 1521 intus
967 1480 1108 1520 albido
1136 1480 1308 1535 pilosae.
1365 1481 1523 1533 Strigae
1562 1490 1736 1533 quatuor
1770 1478 1830 1518 ni-

159 1573 253 1612 grae
283 1573 305 1597 a
334 1559 468 1597 fronte
497 1555 835 1609 longitudinales,
866 1570 939 1610 per
961 1554 1170 1594 cervicem
1198 1566 1293 1600 tres,
1321 1554 1444 1594 unica
1474 1568 1548 1609 per
1576 1555 1743 1593 dorsum
1770 1564 1828 1593 to-

160 1644 247 1672 tum
275 1631 534 1677 continuata3
554 1632 757 1682 fasciolae
782 1645 855 1684 per
879 1630 1009 1668 latera
1032 1645 1053 1668 a
1070 1629 1195 1681 striga
1221 1627 1374 1667 clorsali
1389 1626 1654 1667 transversim
1669 1628 1831 1672 ductae,

160 1717 372 1753 arcuatae,
419 1704 616 1744 lateribus
645 1703 990 1758 subinterruptae.
1048 1703 1195 1742 subtus
1224 1717 1371 1756 corpus
1400 1701 1628 1748 lituratum,
1657 1701 1700 1740 in
1731 1717 1833 1741 cana

162 1781 360 1821 varietate
391 1779 533 1820 medio
563 1778 924 1833 longitudinaliter
954 1777 1154 1817 albidum.
1213 1778 1357 1817 Gauda
1385 1788 1506 1823 teres,
1535 1776 1705 1824 villosa,
1746 1776 1834 1817 basi

161 1857 369 1904 concolor,
399 1856 443 1896 in
473 1866 662 1896 extremo
691 1853 854 1894 annulis
884 1853 1015 1893 tribus
1049 1852 1201 1893 sensim
1238 1852 1455 1892 latioribus
1494 1863 1537 1892 et
1575 1851 1692 1907 apice
1736 1863 1832 1891 atra.

163 1932 285 1972 Pedes
314 1929 620 1977 fusco-liturati,
648 1928 801 1985 plantis
830 1927 1307 1984 gryseo-lutescentibus.
1366 1929 1415 1966 M
1413 1938 1578 1982 ystaces
1609 1926 1753 1967 albidi.

296 2083 406 2123 Not.
439 2099 474 2122 2.
535 2085 583 2120 In
612 2080 873 2121 Pensinensis
904 2079 1106 2120 Gubernii
1152 2094 1259 2134 pago
1295 2079 1552 2123 Nikolskoe,
1598 2078 1834 2117 Beketofka

164 2156 470 2211 cognominato,
506 2158 556 2197 ad
587 2155 731 2195 villam
760 2154 922 2195 domini
950 2155 1188 2193 versabatur
1215 2154 1323 2200 felis,
1353 2168 1458 2208 quae
1493 2167 1614 2207 saepe
1650 2148 1701 2192 irs
1735 2151 1834 2191 vici-

165 2247 265 2271 num
293 2246 436 2271 nemus
466 2245 698 2276 excurrere,
728 2228 881 2283 diuque
912 2244 933 2267 a
963 2229 1088 2268 domo
1104 2229 1245 2268 abesse
1269 2229 1441 2268 solebat.
1485 2231 1596 2267 Haec
1612 2226 1836 2281 aliquando

168 2307 311 2359 (circa
347 2310 471 2360 ¹790)
501 2304 665 2361 peperit
692 2315 773 2344 tres
806 2304 995 2360 pupulos,
1023 2318 1147 2343 unam
1171 2304 1396 2350 femellam,
1414 2301 1563 2356 quibus
1578 2301 1699 2341 matri
1715 2301 1837 2356 plane

168 2382 383 2423 dissimilis
415 2381 584 2422 habitus
615 2390 657 2420 et
686 2380 838 2428 vellus,
867 2380 1005 2420 colore
1035 2390 1077 2419 et
1105 2378 1373 2419 consistentia
1414 2377 1618 2418 Mustelae
1660 2378 1839 2432 Foynae,

1320 2458 1343 2481 21:
