2196 2927
114 303 251 349 albae3
295 311 336 342 et
373 300 463 342 vidi
490 300 588 341 inde
620 299 801 341 albidam
836 299 1004 354 pellem,
1049 299 1169 338 dorso
1197 298 1559 354 longitudinaliter
1588 312 1629 340 et
1659 303 1789 342 cauda

115 377 356 425 rufescente,
388 378 528 416 subtus
556 375 812 430 pedibusque
842 372 1074 421 candidam,
1114 384 1154 412 at
1189 374 1341 428 plantis
1378 378 1533 430 pedum
1560 376 1784 431 longitudi-

114 453 264 492 naliter
292 451 499 506 nigris.--
527 454 579 490 Et
607 459 766 488 tantum
796 449 847 488 de
877 447 1160 489 Varietatibus
1197 449 1398 503 vulpium.
1464 455 1622 491 Natura
1659 451 1781 491 astuti

114 527 302 566 animalis
331 527 426 566 satis
455 540 506 565 ex
537 524 711 564 aliorum
738 523 964 563 traditione
993 534 1090 563 nota
1121 533 1196 563 est.
1246 524 1530 578 Supplendum
1560 538 1639 566 est:
1670 528 1781 582 quod

113 603 260 642 demur
274 601 448 654 Vulpes,
480 615 584 655 quae
607 599 718 639 vitae
748 612 875 653 vagae
905 599 1176 638 adsueverunt
1206 609 1246 638 et
1275 598 1485 639 cuniculos
1514 616 1596 641 non
1624 614 1780 656 parant,

113 676 191 715 nisi
223 690 315 715 cuni
344 676 504 729 prolem
533 676 725 714 educant.
785 675 1010 729 Pleraeque
1047 688 1145 714 vero
1182 674 1262 714 sibi
1301 685 1415 714 antra
1444 676 1669 725 effodiunt,
1713 677 1780 716 vel

110 750 154 789 in
183 750 302 790 clivis
331 750 636 804 campestrium,
668 750 736 789 vel
765 750 808 789 in
837 750 931 789 loco
968 749 1160 803 sylvestri
1197 751 1270 790 sub
1305 752 1495 790 arborum
1525 751 1677 800 radice,
1708 751 1779 791 ubi

111 825 242 864 solum
270 824 419 864 siccius
450 839 536 864 esse
567 825 684 864 solet.
744 824 912 864 Pariunt
942 831 964 863 6
999 825 1066 863 vel
1097 843 1119 876 7
1149 825 1318 864 catulos.
1393 829 1439 864 In
1476 825 1636 865 ultimis
1676 827 1780 867 Sibi-

109 899 212 949 riae,
256 900 498 954 praesertim
542 898 854 948 Camtschatca,
899 910 993 939 ante
1035 903 1257 940 Rossorum
1287 902 1510 940 adventum
1540 912 1583 941 et
1612 901 1780 952 editam,

109 974 153 1014 in
184 974 430 1013 animalibus
459 975 639 1029 pretiosa
668 975 779 1029 pelle
807 974 1040 1023 instructis,
1081 987 1276 1030 stragem,
1309 976 1412 1016 adeo
1443 988 1560 1016 erant
1588 978 1781 1033 copiosae

110 1061 151 1089 et
180 1049 417 1097 familiares,
448 1060 492 1088 ut
516 1049 626 1088 circa
644 1049 804 1103 tuguria
821 1049 959 1088 omnia
975 1050 1098 1089 furari
1114 1051 1307 1090 solerent.
1366 1053 1585 1106 Optimum
1600 1053 1782 1092 venandi

111 1125 203 1164 illas
233 1135 394 1177 tempus
426 1139 446 1161 a
477 1124 708 1162 Novembri
739 1125 790 1162 acl
820 1125 1117 1172 Decembrem,
1163 1140 1289 1178 quum
1319 1126 1450 1165 vellus
1479 1128 1709 1181 perfectum
1739 1138 1781 1167 et

107 1202 212 1253 justa
243 1196 513 1252 proportione
545 1198 716 1236 densum
747 1209 826 1244 θεῖς
872 1199 1011 1237 adulta
1054 1197 1207 1252 hyeme
1250 1199 1373 1238 nimis
1410 1202 1583 1241 densum
1612 1213 1654 1242 et
1683 1202 1782 1256 spis-

110 1288 198 1312 sum
227 1271 380 1312 evadit.
448 1271 607 1311 Priores
637 1271 890 1326 pellionibus
920 1283 961 1311 et
991 1273 1254 1313 venatoribus
1294 1273 1473 1314 termino
1504 1275 1601 1315 artis
1630 1278 1782 1330 Pysch-

107 1364 187 1401 ny,
229 1346 477 1402 posteriores
521 1348 693 1401 Plotnye
735 1358 945 1386 vocantur.
1016 1346 1203 1387 Juniores
1234 1348 1423 1402 sequenti
1452 1348 1605 1404 hyeme
1637 1351 1782 1391 aetatis

109 1437 246 1462 versus
276 1421 557 1471 Februarium,
589 1433 737 1462 octavo
768 1421 934 1461 circiter
964 1436 1124 1471 mense,
1164 1423 1296 1463 vellus
1334 1423 1553 1478 perficiunt
1583 1437 1624 1465 et
1653 1425 1783 1466 incre-

109 1508 307 1536 mentum.
367 1501 414 1536 In
445 1497 708 1537 Rossicarum
737 1496 916 1550 pellibus
947 1497 1098 1550 lanugo
1130 1498 1179 1537 ad
1211 1509 1349 1537 cutem
1379 1499 1527 1552 pallet3
1565 1499 1609 1540 in
1640 1500 1783 1541 Sibiri-

109 1571 167 1610 cis
198 1570 408 1618 fuscescit‚
453 1570 563 1610 circa
606 1572 778 1624 Anadyr
820 1581 861 1609 et
898 1570 942 1609 in
973 1569 1263 1611 Camtschatca
1293 1571 1400 1626 pilus
1430 1574 1514 1612 fere
1544 1575 1596 1613 ad
1625 1575 1782 1629 pellem

108 1661 235 1701 usque
264 1645 423 1684 rutilus.
483 1644 751 1684 Sibiricarum
781 1643 967 1698 vulpium
998 1645 1129 1698 pelles
1158 1645 1202 1684 in
1231 1646 1412 1686 tenebris
1442 1662 1662 1688 concussae
1676 1649 1781 1689 scin-

109 1721 261 1760 tillant.
332 1719 466 1759 Pelles
509 1718 696 1773 vulpium
728 1735 749 1757 a
778 1717 1032 1773 pellionibus
1070 1719 1205 1759 solent
1234 1719 1429 1760 dissecari
1458 1733 1500 1761 et
1529 1722 1709 1777 dispesci
1737 1723 1780 1764 in

109 1807 203 1836 octo
233 1805 387 1850 partes,
420 1807 524 1848 quae
555 1792 598 1832 in
628 1793 807 1833 totidem
837 1792 1017 1848 pellicea
1046 1793 1230 1848 tegmina
1245 1807 1516 1845 consuuntur,
1548 1797 1683 1852 pretio
1714 1799 1779 1838 ad-

107 1871 277 1910 modum
307 1869 488 1916 diversa3
533 1879 575 1908 et
612 1867 784 1923 quidem
814 1867 947 1923 prima
976 1879 1018 1908 et
1047 1869 1230 1909 maxime
1261 1869 1476 1911 aestimata
1505 1872 1669 1921 cervix,
1714 1888 1780 1913 cu-

106 1949 168 1999 jus
210 1955 378 1984 consuta
418 1943 602 1998 tegmina
645 1944 975 1997 (Savoitsclzatyi
1011 1947 1162 2000 mjech)
1210 1944 1345 1999 primo
1375 1959 1581 1987 vaeneunt
1622 1947 1779 2003 pretio;

108 2019 206 2059 dein
236 2020 353 2058 dorsa
391 2018 549 2066 media,
595 2020 843 2074 Chreptovyi
886 2021 1031 2075 mjech,
1072 2020 1242 2059 secundi
1279 2021 1423 2074 pretii3
1467 2037 1589 2076 porro
1632 2022 1775 2072 lumbi,

109 2094 212 2134 eitra
241 2095 436 2142 caudam,
467 2109 611 2148 parum
643 2093 868 2140 aestimati3
899 2105 988 2133 turn
1018 2105 1202 2142 ventr·e3‚
1239 2096 1482 2148 Tseherevyi
1520 2099 1664 2152 mjech,
1707 2099 1777 2152 qui

108 2167 279 2208 tertium
309 2168 443 2207 ferunt
471 2168 670 2222 pretium;
702 2168 841 2221 gulae,
873 2169 1053 2207 Duschki
1083 2169 1334 2222 appellatae,
1376 2185 1466 2225 pars
1496 2171 1705 2213 levissima
1736 2186 1778 2215 et

107 2243 253 2283 rariori
282 2242 437 2281 vellere
467 2241 683 2288 instructa;
727 2241 905 2295 ideoque
937 2243 1044 2296 apud
1072 2245 1226 2282 Turcas
1256 2253 1298 2282 et
1327 2245 1502 2285 Polonos
1533 2248 1776 2290 aestimatis-

107 2318 230 2364 sima3
269 2331 390 2372 porro
421 2327 670 2356 consuuntur
711 2316 882 2356 seorsim
924 2318 1050 2372 pedes
1094 2317 1337 2367 anteriores,
1383 2331 1424 2359 et
1466 2320 1568 2361 item
1609 2324 1775 2377 postici,

107 2393 219 2448 quod
247 2394 510 2447 Laptschatoi
538 2394 662 2448 mjech
693 2392 841 2440 efficit,
872 2392 1050 2448 denique
1087 2393 1290 2434 vilissima
1320 2400 1457 2450 capita
1486 2399 1776 2449 consarcinati,

1261 2486 1283 2523 7
