2196 2927
877 190 1019 213 Ξ
1704 194 1781 230 3-71

332 288 548 344 Accipiter
577 287 825 345 passerinuS,
857 289 974 329 Zool.
1005 289 1151 330 britan.
1192 308 1230 346 p.
1262 298 1325 345 69.
1356 308 1416 348 sp.
1454 300 1513 335 ι3.
1549 293 1632 334 tab.
1661 294 1702 333 A
1723 310 1781 332 10.

383 380 469 404 mas
498 362 538 404 Α
559 382 616 405 11.
649 363 818 404 femina.

329 440 596 495 L’Epervies,
626 441 786 491 Busfon.
817 440 956 478 ornith.
988 439 1019 476 I.
1049 455 1088 493 p.
1122 446 1212 480 315.
1250 442 1334 482 tab.
1365 450 1428 483 30.
1464 447 1548 499 sig.
1585 464 1616 486 1.
1659 447 1784 485 D'au-

383 515 486 554 bene.
519 519 620 554 icon.
649 517 726 553 col.
757 530 794 553 η.
825 523 916 562 412.
949 524 991 552 et
1022 513 1195 554 varietas
1225 531 1262 554 n.
1292 524 1385 568 467.

275 594 315 635 β.
346 587 562 643 Accipiter
592 588 746 634 minor,
776 590 955 629 Brisson.
988 592 1132 629 ornith.
1163 592 1195 630 Ι.
1233 607 1273 646 ρ.
1306 600 1396 633 315.
1428 594 1510 633 tab.
1542 601 1605 635 30.
1630 597 1714 649 fig.
1752 615 1783 636 ι,

327 663 451 702 Falco
482 662 681 712 minutus,
714 665 801 703 Lin.
833 674 935 717 syst.
965 666 996 704 Ι.
1028 679 1124 720 pag.
1164 672 1248 706 131.
1278 683 1338 722 sp.
1372 674 1435 709 32.

220 747 389 787 Rossice
418 749 687 803 Perepeletnik
719 749 1069 802 (coturnicinus).
1144 751 1330 791 Lettonis
1367 754 1542 808 lVehgcz;
1585 752 1780 806 Estho-nis

276 823 489 864 Wmakul.
547 823 707 863 Tataris
736 825 920 879 Karglzai.
988 824 1222 865 Calmuccis
1251 828 1400 882 Kirgu,
1445 829 1654 869 communi
1687 845 1780 870 cum

270 899 458 937 aesalone
489 898 670 938 nomine.

241 987 316 1023 Per
343 982 579 1023 universam
608 983 797 1024 Rossiam
834 996 875 1024 et
906 984 1102 1025 Sibiriam
1145 986 1188 1026 in
1231 988 1595 1044 temperatioribus
1638 990 1780 1031 vivere

104 1069 215 1098 amat
243 1069 284 1098 et
313 1074 395 1098 non
425 1058 661 1113 infrequens
692 1070 766 1098 est.
824 1060 1005 1100 Nonnisi
1034 1061 1077 1100 in
1109 1063 1417 1104 australioribus
1448 1064 1644 1119 hyemem
1674 1067 1779 1107 ferre

105 1134 230 1180 solet,
273 1133 399 1187 frigus
429 1132 541 1172 enim
569 1132 703 1172 timet.
774 1134 881 1174 Hinc
921 1136 1055 1176 minus
1085 1138 1275 1192 frequens
1305 1139 1349 1178 in
1380 1139 1544 1179 Sibiria.
1616 1143 1655 1180 A
1687 1142 1778 1182 Cal-

103 1208 278 1257 muccis,
321 1208 481 1246 Tataris
511 1218 553 1246 et
582 1207 625 1246 in
656 1211 782 1247 Parva
812 1210 957 1249 Russia
997 1212 1047 1250 ad
1080 1212 1324 1253 Coturnices
1363 1214 1585 1269 capiendas
1615 1215 1780 1255 instrui-

100 1294 185 1330 tur,
223 1284 334 1323 unde
364 1297 536 1331 nomen,
579 1281 678 1322 alias
707 1283 933 1337 neglectUS.
993 1286 1207 1326 columbis
1237 1287 1364 1327 etiam
1395 1288 1567 1329 infestus
1597 1301 1678 1337 est,
1719 1290 1778 1330 vi-

102 1358 316 1398 vidissima
347 1369 388 1398 et
417 1371 584 1412 pugnax
612 1373 686 1412 pro
716 1373 786 1398 sua
816 1360 925 1399 mole
956 1359 1054 1400 avis.
1126 1362 1281 1402 Fabula
1319 1363 1433 1418 vulgi
1467 1363 1511 1403 in
1543 1365 1776 1415 Germania,

101 1435 153 1473 de
184 1433 344 1474 Cuculo
375 1431 602 1472 autumnali
632 1443 819 1487 tempore
850 1434 1009 1489 rapaci,
1053 1451 1074 1474 a
1103 1436 1381 1477 similitudine
1427 1439 1611 1479 colorum
1656 1438 1784 1494 hujus

101 1507 328 1564 Accipitris
358 1518 400 1547 et
429 1506 578 1549 Cuculi
608 1518 695 1546 orta
727 1507 904 1548 videtur.

236 1634 407 1672 Descr.
466 1631 676 1671 Foeminis
725 1633 961 1685 magnitudo
1005 1633 1254 1680 Columbae,
1296 1649 1425 1675 mares
1464 1643 1505 1684 Β.
1543 1653 1664 1694 saepe
1701 1639 1775 1681 vix

100 1710 275 1747 Turture
306 1710 493 1758 majores.
567 1709 669 1747 Cera
701 1706 832 1746 livido
853 1708 1007 1757 -flava,
1052 1709 1119 1748 vel
1158 1709 1379 1749 virescens.
1451 1713 1578 1752 [rides
1614 1713 1775 1756 intense

101 1782 287 1822 citrinae.
360 1784 495 1836 Caput
532 1797 650 1837 supra
686 1783 798 1820 fusco
836 1784 1018 1836 nigrum3
1063 1789 1198 1823 cervia:
1237 1784 1331 1823 albo
1362 1785 1522 1826 naevia.
1598 1790 1776 1830 Dorsum

100 1857 611 1906 coerulescenti·fuscum‚
652 1860 720 1896 ala
749 1861 887 1910 spuria
917 1857 1041 1896 discis
1072 1859 1303 1912 plumarum
1334 1859 1438 1899 albis
1468 1860 1776 1905 intermicante.

100 1931 246 1970 Subtus
276 1931 389 1970 albus
420 1947 525 1978 mas,
555 1931 767 1970 interd-im
797 1931 1021 1978 lutescens3
1054 1933 1245 1972 taeniolis
1276 1935 1538 1984 transversis,
1578 1938 1775 1992 subsagit-

99 2004 215 2053 tatis,
254 2005 429 2054 crebris,
466 2008 648 2058 foemina
678 2004 802 2043 fuscis
833 2006 899 2044 vel
929 2006 1263 2060 fusco-gryseis‚
1311 2024 1397 2048 mas
1440 2010 1774 2064 ferrugineo-lu-

100 2078 365 2118 tescentibus.
424 2081 530 2119 Gula
560 2090 601 2118 et
632 2083 800 2118 crissum
829 2080 932 2119 alba.
1004 2081 1190 2133 Remiges
1227 2081 1399 2121 interius
1440 2084 1773 2128 albo-alternae.

101 2155 245 2194 cauda
284 2153 565 2208 subaequalis,
610 2155 741 2199 fusca,
784 2153 919 2192 fasciis
960 2164 1133 2207 quatuor
1170 2156 1407 2196 transversis
1440 2157 1579 2213 nigris.
1651 2162 1776 2203 Pedes

98 2227 233 2282 longi,
278 2227 509 2275 flavissimi3
555 2227 707 2282 digitus
746 2232 919 2267 exterior
959 2239 1000 2267 et
1031 2229 1184 2268 medius
1214 2229 1402 2271 instructi
1434 2239 1592 2289 papilla
1621 2242 1774 2288 conica,

101 2304 227 2344 altera
256 2304 299 2343 in
332 2302 494 2349 medio,
543 2303 671 2342 altera
699 2304 750 2342 ad
780 2318 974 2358 unguem.
1046 2305 1208 2344 Pondus
1245 2304 1410 2346 feminis
1449 2323 1569 2365 saepe
1600 2313 1650 2351 ad
1680 2324 1776 2353 octo

101 2378 259 2427 uncias,
292 2378 482 2419 masculis
511 2393 633 2433 saepe
663 2377 886 2420 dimidium
918 2380 981 2419 ad·
1000 2388 1042 2428 44
1071 2378 1224 2419 uncias.
1284 2380 1358 2420 His
1389 2398 1577 2425 mensura
1607 2388 1657 2426 ad
1688 2402 1778 2428 uro-

1381 2461 1404 2483 ἢ
