2196 2927
898 202 1041 226 ἓ
1706 204 1785 241 123

119 313 233 351 vata,
282 301 354 343 ubi
384 316 407 343 e
437 302 647 343 nocturnis
677 301 879 342 culicibus
910 300 1084 354 aliisque
1114 299 1282 342 insectis
1312 302 1496 357 opimam
1525 301 1789 343 venationem

119 375 295 416 invenit.
354 381 562 433 Frequens
591 389 633 416 et
661 377 704 416 in
734 375 930 423 Taurica,
977 385 1018 414 et
1047 374 1091 414 in
1121 376 1437 417 metallifodinis
1468 380 1519 418 ad
1550 379 1720 420 Camam
1747 378 1790 418 fl.

120 452 299 493 Pediculi
329 468 351 492 a
381 455 417 492 F
422 454 618 492 risclzio
649 449 869 500 delineati,
902 449 1067 490 velleris
1098 461 1140 490 et
1168 451 1344 499 alarum,
1376 451 1419 491 in
1450 452 1515 493 his
1545 455 1680 494 ambo·

361 615 451 663 47.
550 605 1126 649 VESPERTILIO
1216 605 1544 648 Serotina.

254 715 304 752 V.
335 713 550 762 caudatus,
581 713 823 762 flavescens,
857 712 1050 753 auriculis
1079 711 1274 752 brevibus
1304 711 1583 767 emarginatis.
1621 713 1788 762 Gmelin,

117 796 218 840 syst.
248 789 335 827 Lin.
365 790 398 826 I.
429 804 467 842 p.
500 794 564 837 48.
594 803 655 841 sp.
693 805 752 827 11.
782 789 983 828 Schreber.
1015 791 1220 828 mammal.
1251 790 1282 827 I.
1322 805 1361 842 p.
1398 795 1483 840 167.
1515 789 1597 828 tab.
1630 794 1695 829 53.

332 861 542 909 Serotine,
572 864 733 916 Buffon.
765 865 856 902 hist.
887 873 969 902 nat.
1002 864 1113 901 VIII.
1145 879 1183 917 p.
1221 880 1306 913 129.
1339 863 1421 902 tab.
1460 869 1516 903 18.
1538 864 1622 916 fig.
1656 879 1692 901 2.

248 937 317 976 Ad
347 939 564 991 Argunum
594 937 764 976 fluvium
795 937 1022 984 Dauuriae,
1063 936 1108 976 in
1138 937 1287 976 fissuris
1330 936 1441 992 rupis
1472 938 1619 977 Ginder
1649 953 1670 976 a
1700 937 1788 976 Stu-

116 1008 234 1049 dioso
264 1013 474 1064 quondam
503 1027 597 1052 meo
627 1013 799 1052 Nicaeta
828 1014 1052 1064 Sokolof,
1085 1026 1161 1052 nec
1192 1026 1273 1051 non
1304 1028 1326 1051 a
1355 1027 1421 1051 me
1439 1011 1530 1067 ipso
1559 1011 1603 1051 111
1634 1010 1791 1066 cryptis

114 1084 367 1138 rupestribus
397 1085 508 1126 circa
537 1085 811 1126 Tarei-noor
849 1088 1078 1126 observata.
1151 1085 1425 1126 Glomeratim
1467 1085 1651 1126 interdiu
1692 1084 1790 1124 hae-

113 1169 224 1207 rent,
270 1170 311 1198 et
348 1171 507 1199 scatent
543 1160 693 1200 cimice
731 1161 962 1200 domestico
992 1176 1138 1215 parvo,
1184 1160 1490 1215 copiosissimo,
1536 1161 1787 1209 rufescente‚

115 1246 238 1286 quem
269 1233 313 1271 in
344 1233 634 1273 desertissimis
663 1234 748 1273 illis
779 1235 882 1274 locis
910 1234 1092 1273 inveniri
1130 1235 1312 1274 maxime
1350 1235 1548 1283 mirabar,
1588 1250 1669 1274 non
1700 1233 1788 1273 sine

113 1305 368 1361 suspicione,
397 1308 591 1348 infestam
619 1307 726 1348 hanc
756 1308 1001 1363 progeniem
1031 1309 1165 1348 forsan
1196 1323 1269 1363 per
1298 1308 1626 1363 Vespertiliones
1657 1307 1788 1348 domi·

111 1381 186 1419 bus
215 1380 397 1436 primum
425 1382 613 1422 omnium
641 1382 804 1422 illatam
833 1382 970 1423 fuisse.
1029 1385 1077 1422 In
1104 1382 1282 1423 Taurica
1311 1398 1475 1439 quoque
1506 1385 1644 1434 datur,
1677 1381 1788 1424 cavis

112 1456 302 1496 aX'bOl‘Um
332 1471 452 1512 saepe
484 1456 656 1497 haerens
686 1457 868 1512 COPiOSO.

247 1564 392 1603 Nota.
452 1566 491 1603 V
490 1568 583 1605 illus
613 1564 795 1618 corporis
825 1563 1098 1618 ferrugineus,
1131 1564 1328 1604 extremis
1359 1565 1686 1605 canescentibus.

308 1719 399 1774 48.
491 1717 1062 1761 VESPERTILIO
1149 1719 1586 1775 Pipistrellcz.

245 1826 297 1863 V.
330 1825 545 1873 caudatus,
578 1825 733 1874 fuscus,
765 1824 959 1865 auriculis
974 1824 1168 1865 brevibus
1192 1823 1639 1879 ovato-emarginatis.
1672 1826 1785 1866 Gme-

114 1899 183 1944 lin,
212 1909 314 1952 syst.
345 1901 433 1938 Lin.
463 1902 496 1938 I.
527 1916 566 1955 p.
597 1905 663 1949 48.
693 1916 754 1954 sp.
792 1917 850 1939 12.
881 1900 1084 1940 Schreber.
1116 1904 1322 1941 mammal.
1352 1902 1385 1939 1.
1416 1917 1455 1956 p.
1493 1907 1578 1952 167.
1609 1900 1692 1940 tab.
1720 1907 1786 1952 54.

325 1988 581 2043 Pipistrelle,
611 1991 773 2043 Buffon.
805 1991 896 2030 hist.
927 2000 1010 2030 nat.
1041 1992 1153 2030 VIII.
1183 2007 1222 2046 p.
1260 2007 1345 2041 129.
1376 1991 1460 2030 tab.
1498 2008 1556 2040 19.
1577 1991 1660 2044 fig.
1698 2009 1728 2028 1.

247 2079 295 2116 In
324 2078 470 2118 Rossia
498 2081 759 2133 frequentem
787 2079 830 2118 in
862 2081 1056 2134 spelunca
1086 2079 1197 2134 rupis
1228 2078 1498 2118 alabastrinae
1522 2080 1573 2118 ad
1595 2080 1635 2118 fl.
1661 2083 1785 2134 Pjana

111 2150 217 2190 inFra
244 2166 395 2206 pagum
424 2156 683 2201 Barnucova,
716 2153 868 2193 deinde
898 2153 942 2192 in
973 2154 1128 2207 abyssis
1157 2151 1318 2192 intimis
1349 2167 1615 2193 cavernarum
1655 2155 1785 2195 calca-

111 2240 272 2266 rearum
302 2226 510 2266 Uralensis
554 2226 658 2280 jugi,
705 2228 755 2265 ad
791 2226 935 2266 fluvios
966 2227 1140 2281 Bjelaja,
1186 2229 1304 2281 Sym,
1335 2230 1522 2279 Jurjusen
1565 2239 1606 2268 et
1649 2228 1785 2270 rivum

111 2300 437 2355 Laeklae-silga
473 2301 516 2341 in
552 2300 729 2340 Taurica
773 2300 1050 2351 Chersoneso,
1096 2301 1274 2356 denique
1318 2301 1444 2341 etiam
1487 2302 1698 2357 copiosam
1739 2303 1785 2344 in

111 2375 316 2416 montanis
347 2387 387 2416 et
417 2376 532 2431 pagis
564 2378 615 2417 ad
643 2376 849 2417 senisse-„un
878 2379 974 2417 fluv.
1005 2376 1235 2418 observavi.
1308 2377 1544 2419 Pediculum
1587 2377 1662 2419 alit
1699 2393 1785 2434 spe-

1292 2455 1315 2479 >rs
