2196 2927
382 196 536 241 XVIII

382 349 527 385 nosse,
563 346 651 374 non
672 340 843 374 tantum
864 331 909 374 in
929 345 982 373 eo
1002 330 1123 388 quod
1141 331 1388 380 lucrosum,
1425 328 1505 371 vel
1527 328 1665 379 utile,
1705 330 1783 371 vel
1802 331 1940 374 edule
1959 343 2039 385 est,

381 434 466 462 nec
502 421 549 461 in
585 418 682 460 ulla
719 418 902 474 partiali
938 417 1098 460 notitia
1138 416 1336 458 studium
1379 414 1573 456 Naturae
1611 416 1852 457 consistere
1889 418 2041 470 debet,

379 507 458 547 scd
495 504 633 546 omnis
671 502 865 546 Naturae
902 504 1169 559 complexus
1206 502 1367 543 sensim
1404 501 1468 543 ita
1505 509 1572 542 est
1608 501 1928 553 illustrandus,
1992 514 2044 547 ut

378 591 486 633 ordo
532 603 674 631 rernm
712 599 758 632 et
794 591 920 648 leges
958 589 1191 647 generales
1229 586 1467 629 creationis
1514 587 1789 629 elucescant.
1883 587 2041 645 Neque

374 677 492 718 enim
538 689 613 725 ea,
677 687 792 731 quae
839 676 1010 717 alienos
1056 687 1174 716 nunc
1220 687 1309 714 non
1356 673 1614 720 delectant,
1665 672 1798 714 etiam
1846 672 2041 716 Naturae

374 763 527 818 mystis
582 761 733 802 taedio
787 770 889 803 sunt
908 775 924 815 3
1003 761 1135 801 inimo
1190 758 1424 801 scrutatori
1479 772 1613 814 saepe
1669 758 1892 801 laboriosa
1948 760 2037 805 Cel.

373 847 740 889 D'aubentont
777 846 1017 905 diligentia
1053 846 1219 904 gratior
1257 853 1302 887 et
1323 844 1477 886 utilior
1514 844 1692 894 evenit,
1732 858 1865 900 quarn
1885 846 2039 901 splen·-

373 932 481 975 dida
516 932 549 975 B
562 925 678 989 uffo
691 946 717 974 η
729 933 768 974 ii
805 932 1079 989 eloquentia.

545 1017 594 1059 In
631 1019 716 1059 fine
761 1017 1051 1074 praefationis
1097 1016 1232 1057 venia
1269 1015 1381 1056 mihi
1418 1016 1616 1070 'petenda
1653 1024 1744 1064 est,
1810 1016 1933 1070 quod
1970 1030 2043 1057 re-

370 1103 569 1152 tardato,
623 1116 704 1158 per
740 1103 868 1143 varia
903 1101 1247 1156 impedimenta,
1302 1101 1437 1150 hujus
1475 1100 1622 1154 operis
1660 1099 1707 1141 in
1744 1100 1895 1141 lucem
1932 1114 2037 1157 pro-

368 1201 521 1236 cessu,
584 1186 747 1243 passim
794 1187 909 1228 forte
954 1185 1157 1242 proprias
1204 1184 1537 1226 observationes
1583 1198 1664 1240 pro
1703 1185 1834 1226 novis
1871 1186 2035 1238 tradat,

368 1285 479 1328 quas
516 1272 691 1313 interim
728 1279 1118 1327 praeoccuparunt
1155 1269 1260 1318 alii,
1297 1270 1377 1327 qui
1413 1279 1517 1326 post
1554 1284 1622 1311 me
1661 1269 1874 1313 Naturam
1912 1285 2036 1314 scru-

366 1358 451 1399 tati
489 1365 591 1399 sunt
608 1371 624 1411 3
662 1356 811 1399 Multa
849 1357 983 1399 etiam
1019 1357 1165 1398 minus
1200 1355 1346 1413 polita
1385 1369 1465 1397 seu
1502 1356 1764 1412 imperfecta
1802 1356 1926 1398 senio
1964 1356 2035 1399 in-

367 1443 650 1500 gravescenti
687 1451 732 1484 et
767 1442 1094 1486 infirmitatibus
1132 1442 1297 1498 quibus
1332 1441 1488 1484 laboro
1526 1441 1848 1494 condonanda,
1884 1455 2036 1502 aequo

364 1527 515 1579 judice
551 1527 689 1573 facile
727 1529 885 1588 expeti
920 1542 1053 1588 posse
1089 1537 1219 1587 puto.
