2196 2927
402 212 491 251 450
1176 209 1318 231 π

399 321 441 350 et
469 309 630 350 Persiac
660 308 731 348 ubi
762 319 849 347 tota
878 306 1031 362 hyeme
1062 307 1213 348 residet
1244 317 1285 346 et
1315 308 1414 346 suda
1443 318 1689 362 tempestate
1728 307 1934 357 cantillat,
1977 309 2069 363 gelu

400 395 511 426 certo
540 383 813 439 praesagiens,
845 384 917 423 secl
946 383 1051 423 ultra
1074 384 1272 424 Uralense
1303 385 1443 436 jugum
1473 396 1608 437 neque
1639 381 1747 422 mihi
1776 397 1975 436 unquam,
2004 398 2074 421 ne-

398 475 477 514 que
507 458 834 499 antecessoribus
863 460 1002 499 oblata
1032 458 1122 498 fuit.
1190 461 1351 512 Hyeme
1382 468 1505 497 cantu
1534 456 1728 511 ingruens
1759 457 1884 511 frigus
1914 471 2071 512 praesa÷

397 534 471 589 git.
527 537 742 589 Aquarum
773 534 972 575 viciniam
1003 545 1124 573 amat.
1182 536 1395 573 Autumno
1424 533 1541 572 tarde
1573 533 1623 572 ad
1655 543 1835 571 austrum
1866 531 2027 585 migrat.

532 611 677 650 Nota.
734 612 830 650 Ano
867 617 979 663 1773.
1021 611 1222 649 Merulam
1251 608 1374 663 plane
1405 612 1562 648 niveam
1591 607 1730 647 vivam
1760 607 1847 647 vidi
1879 608 2074 646 Moscuae

399 687 507 742 apud
538 684 864 740 Botanophilum
894 684 1100 724 eximium
1129 684 1369 738 Procopium
1397 685 1656 735 Demidof,
1685 697 1790 738 quae
1821 697 1914 722 cum
1944 680 2075 720 tribus

397 761 509 811 aliis,
542 760 691 800 itidem
723 759 847 807 albis,
887 759 930 798 in
961 758 1133 813 regione
1163 757 1275 797 urbis
1304 759 1504 798 Jaroslavl
1532 758 1576 798 in
1606 758 1707 798 nido
1735 757 1915 798 inventa
1935 755 2026 796 fuit.

557 852 641 896 90,
739 838 781 880 T
810 838 849 880 U
880 839 915 879 R
946 839 989 880 D
1019 838 1058 879 U
1088 838 1115 878 S
1189 838 1535 879 leucocillus.
1599 838 1740 880 Tiffl.
1780 837 1917 880 XXI.

504 913 553 950 T.
586 910 722 964 niger,
756 908 881 948 fascia
912 910 1090 954 alarum,
1120 906 1373 962 superciliis,
1414 907 1622 962 crissoque
1653 907 1770 947 albis.

614 986 776 1024 Turdus
820 983 958 1037 niger,
1004 984 1130 1023 ductu
1159 981 1417 1037 supraciliari
1447 994 1488 1022 et
1517 985 1590 1023 sub
1629 982 1704 1022 alis
1734 983 1851 1032 albo,
1896 982 2078 1037 tungusi-

669 1074 760 1105 cus,
790 1073 983 1107 canorus,
1016 1059 1291 1098 Messerschm.
1324 1073 1407 1098 orn.
1438 1059 1525 1098 MS.
1557 1059 1648 1098 VII.
1686 1065 1800 1109 1093.
1838 1074 1925 1111 170.
1972 1059 2079 1098 Mus.

669 1135 905 1189 Petropolit.
936 1151 975 1190 p.
1007 1140 1100 1184 416.
1132 1150 1170 1173 η.
1208 1151 1266 1173 11.

614 1210 777 1249 Turdus
807 1208 1020 1258 sibiricus,
1052 1210 1157 1249 Poll.
1188 1213 1274 1249 itin.
1304 1210 1378 1248 III.
1428 1225 1467 1264 p.
1500 1215 1591 1259 694.
1623 1209 1795 1265 append.
1827 1224 1864 1248 n.
1902 1224 1960 1247 10.
2004 1208 2078 1246 La-

673 1286 797 1323 tham.
830 1300 893 1323 av.
930 1285 1004 1323 III.
1037 1300 1075 1339 p.
1107 1291 1171 1325 31.
1201 1300 1239 1324 η.
1272 1290 1334 1323 26.
1383 1284 1552 1324 Gmelz'n.
1580 1293 1684 1337 ςγδι.
1713 1285 1801 1323 Lin.
1831 1285 1885 1323 II.
1916 1299 1955 1337 p.
1986 1287 2078 1323 815.

672 1374 733 1413 sp.
765 1365 830 1407 46.

510 1433 738 1487 Samojedis
768 1432 839 1486 qui
868 1433 981 1472 Laak
996 1432 1205 1480 dicuntur,
1237 1433 1436 1472 Pallsche.
1496 1431 1826 1487 Deng-ostiacis
1859 1432 2079 1486 Ssugevdlz.

563 1507 752 1548 Buraetis
785 1509 1054 1548 Tscharlzicai.

538 1582 707 1638 Species
737 1582 934 1622 orientali
972 1582 1149 1622 Sibiriae
1192 1582 1432 1637 peculiaris,
1474 1581 1656 1623 maxime
1686 1583 1731 1623 in
1760 1581 1995 1626 borealibus
2027 1582 2082 1621 ad

401 1658 609 1700 Jeniseam
637 1668 679 1697 et
709 1660 890 1705 Lenam,
920 1657 1030 1698 circa
1059 1659 1326 1712 Tunguskam
1354 1658 1537 1699 mediam
1566 1670 1608 1699 et
1632 1657 1898 1703 inferiorem,
1928 1656 1972 1697 in
2002 1656 2082 1711 syl—

403 1734 465 1774 vis
495 1732 749 1774 densissimis
779 1744 819 1772 et
848 1731 1066 1786 uliginosis
1111 1744 1309 1772 aestatem
1351 1733 1603 1787 transigens,
1644 1732 1860 1773 lumbricis
1902 1745 2081 1786 praeser-

404 1808 482 1848 tim
524 1807 733 1847 victitans.
807 1806 920 1846 Mihi
962 1806 1005 1846 in
1050 1807 1233 1846 Davuria
1276 1808 1404 1847 semel
1449 1807 1621 1847 omnino
1651 1808 1808 1856 oblata,
1853 1809 1952 1847 dum
1982 1819 2079 1845 vere

403 1880 723 1935 transmigraret.
781 1881 934 1921 Nidum
964 1880 1183 1936 descripsit
1210 1882 1622 1930 Messerschmid,
1653 1881 1716 1920 bis
1746 1880 1790 1920 in
1816 1880 1918 1920 Alni
1948 1880 2080 1935 punii-

405 1957 469 1996 lae
500 1955 656 1996 vertice
686 1956 796 1996 inter
825 1955 981 2010 primos
1010 1970 1143 1995 ramos
1174 1967 1402 2011 repertum,
1446 1971 1469 1996 e
1510 1957 1599 1996 luto
1643 1967 1685 1996 et
1724 1955 1953 1995 intertexto
1996 1969 2081 2008 gra-

405 2030 517 2071 mine
547 2030 663 2086 quasi
692 2030 866 2086 plastice
895 2030 1166 2084 glutinatum,
1197 2030 1380 2086 stipulis,
1411 2030 1530 2071 molli
1553 2029 1737 2085 gramine
1761 2042 1803 2070 et
1833 2029 1944 2070 foliis
1973 2044 2082 2069 com-

406 2105 575 2146 minutis
606 2117 789 2146 stratum.
849 2106 941 2147 Ova
970 2106 1021 2146 ad
1050 2120 1165 2156 sena,
1198 2105 1439 2161 aeruginose
1470 2105 1642 2157 viridia,
1675 2105 1847 2147 maculis
1876 2106 1990 2146 fusco
2018 2121 2079 2145 ru-

405 2182 452 2221 fis
482 2197 632 2237 sparsa.⁴

541 2257 710 2297 Descr.
769 2257 1014 2310 Magnitudo
1043 2259 1093 2296 T.
1122 2256 1286 2297 musici.
1363 2258 1491 2298 Irides
1520 2258 1635 2298 fusco
1665 2257 1929 2297 lutescentes.
1988 2256 2082 2295 Cor-

409 2346 481 2384 pus
521 2330 704 2386 nigrum,
749 2333 888 2372 subtus
926 2342 968 2372 et
998 2332 1049 2371 ad
1079 2332 1207 2372 latera
1235 2331 1388 2388 plumis
1417 2332 1505 2373 basi
1535 2332 1728 2373 cinereo·
1746 2331 1897 2372 albidis
1926 2329 2083 2370 obsole-

409 2404 510 2453 tius3
553 2405 597 2446 in
624 2409 772 2457 femina
800 2417 936 2449 totum
965 2407 1184 2450 fuscidum.
1260 2408 1431 2451 Tractus
1461 2408 1655 2464 utrinque
1685 2409 1986 2462 supraciliaris,
2027 2402 2083 2442 la-
