2196 2927
440 185 523 232 178
1201 201 1344 227 ===

430 303 651 346 quaerunt3
696 295 805 335 unde
844 297 924 338 rari
964 297 1008 339 in
1046 299 1190 341 Rossia
1230 310 1451 342 occurrunt
1487 312 1529 341 61
1557 300 1665 342 intra
1696 301 2100 349 Sibiriae'terminos

427 367 550 420 plane
580 368 746 419 desunt,
778 372 849 411 ubi
880 384 1019 414 tamen
1051 375 1211 424 Citilli,
1242 376 1404 432 aliaque
1435 376 1685 417 animalcula
1710 376 1862 433 hyeme
1892 382 2102 436 torpentia

427 439 470 479 111
501 442 724 485 admodum
762 447 948 489 boreales
987 451 1086 492 situs
1124 466 1423 507 processerunt.

850 549 964 597 104.
1055 543 1430 585 MYOXUS
1521 543 1679 587 GII'S.

560 609 617 646 M.
649 610 776 648 cauda
807 610 953 651 villosa
982 612 1259 662 subdistieha,
1291 628 1462 669 corpore
1493 630 1618 664 cano,
1658 616 1797 654 subtus
1826 615 1935 656 albo.

641 687 820 738 Myoxus
851 686 959 736 Glis,
1004 690 1172 728 Gmelin.
1203 699 1306 742 sysc.
1336 691 1425 729 Ltn.
1454 692 1488 728 I.
1518 706 1558 745 p.
1596 697 1681 732 155.
1725 706 1784 746 sp.
1822 708 1854 730 1.
1895 692 2098 733 Schreber.

691 765 897 800 mammal.
927 763 997 801 IV.
1036 764 1118 803 tab.
1152 771 1242 804 225.

636 833 799 874 sciurus
829 835 938 884 Glis,
968 839 1056 876 Lin.
1086 848 1189 890 ςγδι.
1220 839 1314 876 XII.
1345 840 1378 876 I.
1409 855 1447 893 p.
1479 846 1543 891 87.
1573 855 1634 894 Sp.
1665 847 1702 881 8.

635 909 745 957 GILs,
777 911 963 957 Brisson,
994 913 1136 967 quadr.
1169 929 1207 966 p.
1246 920 1331 953 113.
1362 929 1422 968 sp.
1460 931 1492 952 1.

631 983 748 1030 Ι,,011·,
780 986 946 1038 Βιςβῖοη,
977 989 1068 1027 hist.
1100 997 1181 1026 nat.
1213 989 1323 1027 VIII.
1356 1004 1395 1043 p.
1432 995 1517 1029 158.
1549 989 1632 1029 tab.
1667 998 1729 1039 24.

627 1060 704 1098 Fat
733 1058 934 1114 Squirrel,
965 1063 1158 1102 Pennant.
1188 1078 1279 1115 syn.
1312 1079 1351 1117 p.
1383 1070 1473 1113 289.
1503 1079 1563 1118 sp.
1596 1069 1687 1103 216.

538 1133 709 1174 Rossice
741 1137 791 1176 ad
820 1136 999 1189 Volgam
1028 1139 1280 1193 Semlaenaja
1310 1139 1450 1194 Bjelka
1494 1137 1679 1191 (Seiurus
1720 1137 1947 1189 terrestris3
1990 1139 2094 1184 item

568 1210 800 1257 Poltschok;
833 1211 1051 1252 Slavonice
1080 1213 1203 1252 Puclz.

515 1285 680 1325 ‘satarls
712 1287 880 1327 Kussae.
939 1287 1182 1341 Georgianis
1211 1288 1359 1327 Gnau'z'.

557 1359 689 1399 Datur
718 1360 827 1400 circa
842 1361 1020 1413 Volgam
1051 1361 1231 1402 mediam
1262 1373 1303 1401 et
1331 1359 1571 1401 inferiorem
1602 1360 1645 1401 in
1677 1361 1876 1402 arboretis
1907 1374 1949 1402 61
1978 1363 2088 1404 inter

405 1449 526 1490 rupes
557 1436 609 1474 ad
640 1437 870 1483 Smnaram,
903 1437 974 1475 sed
1005 1436 1152 1484 rarius,
1184 1451 1260 1475 nec
1291 1435 1394 1476 alibi
1424 1452 1445 1475 a
1475 1451 1542 1476 me
1573 1437 1824 1477 observatus.
1884 1441 1932 1477 In
1960 1438 2088 1492 sylvis

405 1510 579 1551 Caucasi
607 1521 648 1550 et
678 1509 859 1550 maxime
891 1509 933 1548 111
950 1509 1128 1564 Georgia
1152 1511 1413 1565 frequentem
1439 1510 1674 1550 observavit
1703 1513 2047 1552 Guldenscaccl
2059 1524 2088 1553 1.

400 1587 447 1623 111
478 1583 655 1623 Taurica
685 1582 945 1642 (jhersoneso
976 1582 1081 1623 mihi
1119 1599 1202 1624 non
1239 1584 1435 1625 innotuit.
1509 1584 1680 1624 scandit
1724 1585 1910 1640 egregie,
1958 1584 2086 1627 etiam

400 1658 444 1698 in
473 1659 598 1714 plano
629 1658 798 1714 supino,
828 1658 925 1699 satis
955 1659 1181 1713 laevigato,
1223 1661 1427 1714 saltatque
1463 1659 1624 1700 sciureo
1655 1674 1782 1699 more.
1843 1662 1981 1701 Scatet
2010 1677 2082 1717 pu-

394 1734 556 1775 licibus.
617 1737 664 1773 In
698 1734 923 1774 nemorosis
955 1733 1056 1789 ripis
1078 1735 1237 1788 Volgae
1270 1734 1436 1775 relictos
1478 1733 1667 1773 Picarum
1696 1733 1815 1773 nidos
1844 1750 1990 1789 saepae
2021 1736 2080 1775 in·

395 1809 580 1859 habitat,
612 1809 678 1849 vel
711 1811 901 1849 arborum
930 1820 1095 1849 truncos
1124 1824 1266 1855 cavos,
1297 1823 1487 1849 saxorum
1518 1808 1660 1856 rimas,
1692 1809 1843 1848 nidoce
1869 1810 2077 1863 congestis

396 1884 529 1934 foliis,
573 1884 661 1924 imo
691 1884 734 1924 in
766 1883 923 1939 campis
954 1885 1136 1924 desertos
1166 1883 1425 1925 Cricetorum
1461 1882 1688 1923 cuniculos.
1759 1886 1805 1922 In
1849 1884 1955 1923 cella
1987 1885 2027 1937 gl
2042 1901 2107 1923 a-·

390 1960 488 1999 ciali
518 1970 680 1999 tantum
710 1974 784 2014 per
818 1970 986 1999 noctem
1018 1959 1241 2014 repositus,
1272 1958 1316 1998 in
1340 1959 1508 2012 globum
1534 1958 1778 1998 convolutus
1803 1958 2073 2013 obtorpescit,

388 2034 542 2090 vixque
581 2034 811 2084 excitatus,
856 2049 937 2074 non
975 2049 1144 2090 compos
1183 2034 1267 2082 sui,
1309 2033 1414 2073 semi
1452 2032 1600 2074 clausis
1640 2033 1790 2080 oculis,
1834 2034 2070 2073 tremebun-

386 2109 459 2149 dus
490 2110 562 2149 diu
600 2111 729 2150 sedet.

522 2186 691 2225 Descr.
750 2184 1116 2241 Elegantissimum
1147 2185 1444 2226 animalculum
1475 2194 1517 2224 61
1550 2185 1769 2233 mundum,
1803 2181 1939 2237 capite
1977 2196 2069 2236 pro-

1652 2260 1736 2299 fere
1778 2256 2067 2312 bipollicaoes,

384 2260 507 2299 ducto
538 2271 579 2299 et
609 2259 714 2299 facie
753 2260 890 2315 potius
934 2260 1108 2301 murina.
1179 2263 1388 2315 Mystaces
1431 2259 1592 2314 magni,

1872 2333 1913 2370 V
1910 2344 2070 2371 errucae

381 2332 512 2386 nigri,
552 2334 595 2372 in
626 2335 723 2375 vivo
766 2350 927 2390 semper
957 2346 1185 2376 antrorsum
1217 2335 1357 2391 sparsi.
1428 2336 1564 2375 Nasus
1620 2335 1800 2373 obtusus,

381 2406 665 2462 supraciliares
694 2409 870 2463 bipiles,
900 2409 1111 2464 paroticae
1140 2410 1324 2466 tripileS‚
1355 2409 1508 2464 gularis
1530 2407 1619 2463 pilo
1640 2406 1764 2447 unico
1795 2406 1902 2445 albo.
1960 2404 2064 2444 Den-
