2196 2927
422 161 506 211 ἢ’.76
1173 170 1317 194 ..-——-.-

421 187 438 209 2

632 271 784 310 Vultur
813 268 995 325 alpinus,
1024 270 1201 310 Brisson.
1233 270 1376 310 ornith.
1407 270 1439 310 I.
1478 286 1573 326 pag.
1605 276 1699 321 464.

521 345 683 385 Tataris
712 345 888 385 Tauriae
917 346 1092 386 Karchll.

549 424 595 460 In
627 422 835 461 desertum
877 420 1209 462 Astrachanense
1251 419 1566 476 tempestatibus
1603 435 1694 461 raro
1725 433 1747 461 e
1778 421 1917 462 Persia
1947 426 2084 480 appel-

412 495 482 545 lit,
514 497 757 551 praesertim
787 512 902 545 vere3
942 497 985 537 in
1016 497 1131 538 omni
1160 508 1347 537 montosa
1384 495 1545 536 Persiae
1586 511 1655 535 ora
1696 497 1806 536 circa
1849 512 1961 537 mare
2002 514 2084 540 cas-

409 570 526 626 pium
556 571 770 627 copiosum
801 588 896 613 cum
925 584 1124 627 sequente
1156 572 1418 619 observavit,
1449 583 1491 611 et
1520 572 1668 611 farctas
1699 572 1869 612 exuvias
1899 574 2084 613 transmi-

408 646 459 686 sit
492 648 746 688 Gmelinus
770 652 854 704 jun.
898 651 1107 703 Frequens
1136 648 1266 688 etiam
1296 647 1383 687 avis
1413 646 1457 686 in
1489 646 1749 687 Chersoneso
1778 647 1976 695 Taurica,
2014 648 2086 689 ubi

405 722 648 777 praesertim
678 721 831 777 hyeme
862 723 905 762 111
947 722 1171 778 planitiem
1213 733 1255 761 et
1297 736 1497 776 pagorum
1539 721 1739 762 viciniam
1785 722 2004 764 descendit
2045 735 2085 765 et

404 798 514 837 circa
558 799 756 838 cadavera
800 813 894 838 cum
925 799 1058 847 Cane,
1100 797 1239 851 Vulpe
1271 808 1313 836 et
1342 795 1467 851 Lupis
1497 809 1787 852 congregatur,
1832 797 2006 839 minime
2035 799 2086 839 ti-

403 874 530 913 mida.
601 875 814 912 Autumno
845 873 972 913 etiam
1008 873 1053 912 in
1091 871 1264 912 desertis
1301 870 1411 911 inter
1453 870 1757 926 Borysthenem
1803 884 1844 913 et
1887 874 2084 929 paludem

405 947 593 987 Maeotin
622 948 775 1003 passim
807 948 985 988 collibus
1015 947 1269 988 insidentem
1306 946 1538 986 observavi.
1611 948 1777 999 Olfactu
1818 948 1950 1002 pollet
1995 965 2084 989 acu-

403 1022 585 1070 tissimo,
616 1039 697 1078 quo
728 1039 808 1063 non
838 1024 972 1063 solum
1002 1022 1167 1078 putrida
1197 1023 1418 1071 cadavera,
1464 1022 1536 1061 sed
1574 1034 1761 1062 recentes
1792 1023 1918 1062 etiam
1949 1038 2084 1064 caeso-

404 1112 492 1136 rum
525 1097 766 1138 animalium
798 1114 938 1138 carnes
965 1113 987 1138 e
1011 1098 1239 1153 longinquo
1270 1096 1546 1153 prosequitur.
1606 1097 1824 1138 Altissimo
1851 1102 1989 1139 volatu
2013 1113 2084 1152 gy-

402 1187 466 1211 ros
497 1187 641 1226 agens,
685 1172 838 1229 hyeme
869 1173 1146 1228 subgregaria.
1218 1172 1462 1213 Morticinia
1490 1175 1675 1227 projecta
1704 1172 1747 1211 in
1779 1173 1976 1213 societate
2006 1177 2084 1213 Lu-

403 1262 572 1301 porum,
617 1249 776 1288 Canum
807 1260 849 1289 et
878 1249 1080 1304 Vulpium
1118 1247 1315 1293 dilaniat,
1360 1246 1661 1286 voracissimus.
1732 1248 1864 1288 Nidus
1893 1251 1937 1288 in
1968 1264 2082 1289 mon-

401 1320 509 1361 tium
538 1321 760 1362 inaccessis
788 1322 1040 1378 praeruptis,
1078 1322 1197 1363 nobis
1227 1336 1308 1361 non
1338 1320 1461 1360 visus.
1521 1323 1613 1363 Vox
1643 1322 1770 1362 nulla.

536 1397 707 1437 Descr.
766 1399 1010 1451 Magnitudo
1041 1397 1221 1452 Aquilae
1250 1395 1502 1445 Albicillae,
1541 1396 1627 1436 imo
1657 1396 1870 1451 procerior
1901 1410 2087 1454 apparet,

400 1471 510 1511 collo
539 1472 747 1528 elongato.
805 1474 994 1513 Rostrum
1022 1483 1164 1513 recto·
1183 1473 1409 1520 aduncum,
1442 1486 1744 1526 compressum,
1788 1471 1924 1512 minus
1955 1474 2086 1514 altum

399 1561 523 1601 quam
546 1546 774 1587 Albicillae
790 1579 800 1596 ,
833 1547 1062 1602 nigricans,
1095 1549 1215 1587 dorso
1239 1562 1495 1596 convexum,
1528 1546 1700 1586 maxilla
1725 1547 1937 1602 superiore
1960 1547 2087 1588 utrin-

398 1635 478 1675 que
508 1637 645 1662 versus
676 1623 839 1678 apicem
869 1623 1053 1678 margine
1084 1622 1313 1678 prolixiore
1344 1637 1549 1663 convexo.
1608 1623 1711 1662 Cera
1741 1622 1823 1662 lata
1854 1623 1982 1678 nigra,
2014 1639 2082 1663 na-

398 1696 510 1736 ribus
540 1697 835 1752 marginalibus
867 1697 1153 1753 amplissimis,
1197 1697 1403 1752 oblongis.
1481 1698 1701 1738 Oculorum
1730 1697 1907 1737 ambitus
1937 1699 2083 1745 nudus,

399 1773 705 1821 coerulescens,
735 1776 823 1813 lora
852 1773 998 1827 pilosa.
1058 1775 1192 1827 Caput
1221 1783 1355 1812 totum
1386 1788 1479 1812 cum
1508 1773 1619 1812 collo
1648 1771 1765 1811 molli
1800 1771 1994 1825 lanugine
2026 1773 2080 1812 al-

398 1846 451 1885 ba
479 1857 689 1900 opertum;
733 1846 863 1886 imum
910 1847 1066 1886 collum
1096 1846 1229 1900 cingit
1259 1846 1443 1885 cucullus
1474 1846 1653 1885 radiatus
1684 1861 1707 1885 e
1738 1846 1890 1901 plumis
1919 1847 2082 1901 elonga-

399 1919 474 1966 tis,
503 1920 750 1969 linearibus,
782 1936 930 1976 gryseo
947 1920 1113 1961 -fuscis.
1172 1922 1327 1977 Corpus
1355 1932 1490 1961 totum
1520 1936 1542 1961 e
1571 1934 1717 1975 gryseo
1743 1920 1873 1975 magis
1895 1920 2084 1962 minusve

401 1994 651 2049 nigrescens.
710 1997 816 2036 Alae
846 1996 1007 2051 nigrae,
1049 1995 1304 2051 compositae
1334 1997 1507 2035 caudam
1537 2007 1842 2050 exsuperantes.
1914 1997 2081 2037 Caudae

400 2069 594 2110 rectrices
625 2071 839 2126 aequales,
871 2071 1001 2119 latae,
1040 2070 1374 2126 quatuordecim,
1418 2082 1530 2111 totae
1575 2070 1730 2125 nigrae.
1802 2072 1928 2112 Pedes
1979 2064 2085 2112 ultra

400 2145 558 2185 medias
573 2145 698 2186 tibias
717 2146 836 2187 nudi:
869 2148 989 2202 digiti
1012 2146 1285 2202 longiusculi,
1318 2147 1518 2200 unguibus·
1533 2145 1872 2199 subaequalibus‚
1903 2146 2073 2201 magnis,

402 2220 583 2269 falcatis,
613 2222 877 2278 exteriorque
907 2223 1019 2278 plica
1048 2223 1151 2272 lata,
1189 2220 1345 2276 insigni
1375 2221 1509 2261 laxius
1541 2222 1739 2260 adnexus.
1798 2222 1987 2261 Mensura
2017 2235 2075 2259 ro-

402 2294 473 2333 stri
506 2297 555 2335 ad
585 2296 735 2337 rictum
766 2303 824 2339 δ”.
856 2299 1010 2338 caudae
1048 2317 1060 2337 1
1094 2298 1233 2353 pedis3
1264 2298 1386 2337 ulnae
1411 2297 1566 2337 alarum
1584 2298 1707 2345 224⁰.
1767 2296 1917 2337 Colore
1939 2296 2075 2335 admo-

402 2368 500 2408 dum
533 2371 685 2424 variat,
723 2375 833 2415 unde
863 2372 1166 2429 multiplicatae
1197 2374 1306 2429 apud
1336 2370 1637 2426 Ornithologos
1666 2370 1836 2425 species.
