2196 2927
378 198 463 235 252
1138 190 1281 213 Ξ

377 291 515 336 alta'sci
544 305 680 332 versus
711 289 827 330 Sinas
857 300 897 328 et
924 287 1133 343 Tybetum
1163 285 1420 343 patentib1153
1461 300 1536 326 nec
1571 283 1615 326 in
1645 284 2038 329 occidentalioribus

380 370 510 409 visum
540 377 708 422 propter
737 380 884 420 magna
914 363 1084 404 forsitan
1114 362 1304 410 flumina,
1334 378 1437 417 quae
1466 373 1626 401 tranare
1656 360 1790 401 timet.

513 453 662 492 Nota.
722 449 1034 491 Protuberantia
1064 448 1246 503 laryngis
1276 448 1318 488 in
1357 447 1537 487 maribus
1566 446 1764 487 convenit
1797 461 1891 487 cum
1922 449 2048 489 Cervo

381 528 540 573 Dama,
570 527 637 566 cui
658 527 701 566 in
725 524 986 581 provectiore
1010 535 1142 564 aetate
1170 523 1273 563 item
1302 525 1519 563 extuberat
1558 522 1757 576 cartilago
1787 521 2049 576 thyreoidea.

388 605 579 644 Follcculo
609 600 807 655 singulari
838 601 888 639 ad
917 598 1124 654 praeputii
1153 597 1356 638 orificium
1385 599 1552 638 Moscho
1583 597 1846 637 assimilatur.

625 711 744 762 134.
832 705 874 747 A
903 704 941 746 N
968 703 1011 745 T
1041 705 1118 746 IL
1147 705 1187 745 O
1217 704 1250 744 P
1280 704 1318 745 E
1389 703 1806 758 subgutturosa.

493 789 544 826 A.
574 786 766 826 cornibus
780 784 946 839 lyratis,
975 798 1145 838 corpore
1161 785 1299 823 subtus
1327 784 1442 831 albo,
1474 783 1598 823 fascia
1621 782 1783 822 laterali
1806 783 2052 823 lutescente.

600 860 803 914 Antilope
842 860 1148 912 subgutturosa,
1192 858 1397 897 Gz'c'Zdenst.
1428 859 1521 897 Act.
1551 859 1708 911 Petrop.
1746 865 1858 910 1778.
1888 875 1927 913 p.
1960 867 2050 899 251.

657 935 740 974 tab.
772 952 824 985 9-
850 950 908 973 12.
967 933 1168 972 Schreber.
1199 936 1408 972 mammal.
1441 933 1488 971 V.
1520 932 1601 971 tab.
1634 949 1725 984 270.

491 1009 624 1051 Persis
655 1010 873 1049 Dshairbn.
931 1006 1300 1062 Kirgiso-Tataris
1343 1007 1658 1047 Karh-Keuruh
1695 1005 1822 1061 (nigri
1849 1008 2055 1059 caudata).

550 1085 664 1124 Indis
696 1085 737 1123 H
735 1089 841 1138 yrn?

523 1158 721 1213 Gregaria
749 1159 793 1198 in
823 1156 957 1212 planis
988 1155 1138 1211 apricis
1167 1155 1350 1205 Persiae,
1389 1158 1495 1196 ultra
1526 1156 1774 1206 Caucasum,
1816 1156 2060 1212 praesertim

388 1236 553 1275 deserto
596 1237 801 1287 Mogzum,
845 1243 888 1271 et
929 1233 1033 1270 forte
1076 1246 1148 1286 per
1189 1246 1355 1270 omnem
1385 1230 1529 1270 Asiam
1558 1231 1665 1270 ultra
1693 1234 1887 1270 Taurum.
1945 1232 2059 1284 Opti-

389 1325 477 1350 mus
507 1325 548 1364 p.
579 1324 632 1348 m.
677 1309 861 1347 Lerche
891 1306 934 1345 in
964 1307 1206 1345 adversariis
1234 1303 1440 1359 prodidit:
1483 1303 1591 1345 hanc
1619 1304 1850 1360 Antilopen
1897 1304 1940 1345 in
1970 1316 2061 1346 toto

389 1394 524 1424 tractu
560 1383 708 1437 plano,
751 1397 916 1430 saxoso,
960 1379 1148 1435 naphtha
1192 1380 1426 1418 abundante
1464 1379 1618 1419 littoris
1657 1380 1780 1420 maris
1821 1379 1997 1435 caspici‚
2040 1396 2062 1420 a

393 1459 577 1499 Caucaso
607 1471 734 1511 usque
765 1457 816 1496 ad
854 1454 1115 1510 peninsulam
1144 1453 1409 1508 Apscheron‚
1450 1455 1679 1503 abundare,
1711 1455 1783 1509 qui
1812 1467 1964 1495 tractus
1993 1456 2061 1495 de-

390 1544 502 1572 serto
531 1546 707 1585 mogano
737 1530 1021 1576 continuatum
1065 1527 1229 1568 inhiare
1266 1527 1383 1568 illam
1421 1528 1666 1583 praesertim
1694 1529 1846 1584 plantis
1877 1529 1991 1569 salsis
2021 1541 2064 1570 et

393 1605 555 1647 amaris.
626 1605 906 1645 Venationem
950 1607 1036 1656 ejus
1079 1603 1316 1644 describens
1358 1614 1551 1658 autopta,
1595 1603 1701 1643 dicit
1743 1603 1869 1644 etiam
1912 1620 2064 1645 corona

393 1680 583 1736 equiturn
612 1680 791 1720 inclusas
820 1695 959 1719 versus
988 1678 1112 1718 maris
1141 1678 1279 1725 littus,
1308 1678 1487 1733 aliquas,
1517 1677 1667 1718 timore
1698 1693 1847 1732 aquae,
1878 1694 1951 1734 per
1981 1694 2062 1719 me-

397 1755 487 1795 dios
516 1765 759 1793 venatorum
788 1768 1017 1807 canumque
1048 1763 1188 1792 coetus
1218 1751 1418 1807 erupisse3
1463 1751 1562 1791 alias
1592 1763 1752 1801 tamen,
1797 1753 1870 1792 diu
1904 1753 2064 1800 dubias,

397 1830 567 1868 tandem
596 1842 670 1881 per
698 1842 808 1866 mare
838 1826 882 1866 in
911 1827 1187 1882 propinquam
1228 1826 1406 1866 insulam
1447 1825 1659 1881 effugisse,
1705 1828 1942 1882 (Bic'sching.
1971 1830 2063 1869 hist.

398 1904 606 1957 Magazin.
637 1903 728 1943 Vol.
756 1903 831 1941 ΙΙΙ.
863 1918 901 1956 p.
936 1905 1020 1949 22).

785 1999 905 2041 135.
995 1995 1424 2039 ANTILOPE
1495 1996 1682 2052 Saiga.

535 2078 600 2120 Cl.
629 2079 832 2118 cornubus
862 2076 1006 2132 lyratis
1036 2076 1353 2132 subdiaphanis‚
1384 2092 1482 2119 naso
1505 2077 1796 2133 cartilagineo‚
1827 2078 2064 2121 ventricoso

402 2164 567 2195 arcuato
597 2165 805 2202 truncato,
837 2152 972 2208 scopis
1002 2166 1182 2207 genuum
1211 2152 1350 2193 nullis.

618 2229 766 2274 colus,
794 2228 979 2268 Strabon.
1005 2243 1146 2281 geogr.
1179 2229 1269 2268 VII.
1299 2229 1456 2269 Gesner.
1487 2229 1629 2284 quadr.
1660 2246 1699 2285 p.
1731 2236 1822 2281 893.

617 2305 722 2344 Ibex
751 2301 971 2351 imberbis,
1002 2304 1170 2343 Gmelin.
1202 2305 1327 2356 (sen.)
1356 2304 1460 2343 Νου.
1491 2305 1604 2344 Com.
1635 2306 1792 2360 Petrop.
1823 2306 1871 2345 V.
1900 2319 1937 2357 p.
1968 2310 2057 2352 345.

673 2379 762 2418 VII.
791 2393 980 2420 summar.
1010 2395 1050 2434 p.
1081 2385 1146 2421 35.
1175 2379 1257 2419 tab.
1294 2395 1352 2432 19.
1385 2379 1613 2434 (pessima).
