2196 2927
135 306 214 346 que
254 293 472 341 vorabant,
518 303 559 331 et
602 289 726 332 saturi
768 290 1014 344 superfluum
1056 285 1100 326 in
1142 298 1249 326 terra
1292 287 1580 336 defodiebant,
1624 286 1798 342 pedibus

132 366 319 420 priorum
362 367 608 407 effodientes
651 366 837 405 scrobem
880 374 923 402 et
963 373 1092 402 rostro
1129 372 1280 400 terram
1317 374 1686 417 superingerentes.
1746 363 1800 402 Hi

132 442 358 481 Decembri
387 444 554 482 demum
584 453 723 479 mense
760 437 995 493 hybernum
1024 436 1155 476 vellus
1186 437 1293 490 apud
1323 451 1388 475 me
1417 439 1640 491 perfecere.
1700 440 1802 477 Sunt

133 527 270 555 autem
300 527 453 556 aestate
484 529 625 555 omnes
655 513 841 553 exsolete
871 512 995 561 fusci,
1028 511 1154 552 etiam
1185 510 1256 565 qui
1285 509 1438 564 hyeme
1462 512 1802 553 candidissimum

133 592 263 630 vellus
292 591 483 630 induunt.
541 593 602 629 Eo
631 600 818 643 tempore
848 587 891 627 in
922 588 1099 627 collibus
1130 585 1306 625 arcticae
1337 585 1528 640 planitiei
1563 590 1578 638 (
1594 589 1798 640 Tunslra),

133 665 203 705 ubi
246 665 456 705 cuniculos
500 663 675 713 habent,
720 679 742 702 a
773 662 1001 713 Samojedis
1044 673 1086 702 et
1116 660 1296 701 Ostiacis
1339 660 1595 700 effodiuntur
1624 662 1748 715 spatis
1778 677 1800 700 e

131 739 448 793 RangiFerorum
478 740 670 779 cornibus
699 737 892 793 palmatis
923 736 1154 784 fabricatis,
1187 747 1228 775 et
1258 737 1387 775 cauda
1419 734 1679 790 apprehensi,
1711 752 1800 790 pro-

130 814 252 854 tracti
282 826 405 870 caput
435 825 566 854 terrae
596 813 803 854 illidendo
833 813 956 853 facile
995 823 1207 852 necantur.
1275 810 1499 851 Cuniculos
1538 821 1676 850 autem
1705 811 1803 850 ideo

129 890 173 928 in
203 889 322 929 elatis
352 889 453 945 ripis
484 901 525 929 et
555 889 732 930 collibus
762 890 964 937 condunt,
1005 889 1115 942 quod
1145 886 1206 926 ibi
1236 887 1369 926 solum
1399 884 1560 925 siccius.
1620 889 1802 940 Reperto

129 964 323 1004 cuniculo
363 975 535 1004 venator
579 964 761 1019 applicat
804 979 963 1012 aurem,
1008 974 1050 1002 et
1092 961 1126 1002 si
1164 977 1247 1002 non
1277 961 1417 1000 audiat
1448 972 1605 1000 motum
1635 960 1803 999 latentis

131 1039 340 1088 animalis,
387 1041 437 1079 ad
476 1038 627 1078 ostium
663 1038 804 1078 nivem
834 1040 999 1086 radunt,
1040 1052 1120 1092 quo
1163 1047 1279 1076 motu
1320 1035 1602 1091 expergefacti
1646 1033 1802 1089 Lagopi

131 1114 344 1154 mussitare
376 1114 615 1161 audiuntur,
661 1124 702 1152 et
744 1128 844 1153 sono
887 1112 1044 1167 proditi
1074 1110 1279 1166 decipulis
1323 1110 1374 1148 ad
1416 1110 1577 1150 exitum
1619 1109 1803 1149 cuniculi

130 1189 290 1228 statutis
322 1188 445 1228 variis
476 1187 707 1242 capiuntur.
738 1211 781 1216 —-
830 1187 1018 1226 Varietas
1049 1185 1203 1240 hyeme
1234 1186 1327 1225 alba
1356 1184 1641 1239 copiosissima
1670 1196 1713 1223 et
1741 1195 1803 1223 est

130 1278 152 1302 e
182 1263 394 1302 vilissimis
432 1263 626 1318 pellibus.
701 1266 764 1302 Ex
803 1278 884 1301 una
922 1265 1144 1314 Mangasea
1181 1259 1428 1314 quibusdam
1464 1260 1580 1298 annis
1619 1260 1671 1298 ad
1708 1273 1802 1312 qua—

130 1337 318 1391 draginta
349 1337 466 1377 misse
507 1338 638 1392 pelles
668 1339 880 1392 exportari
924 1337 1166 1375 adnotatum
1208 1345 1282 1374 est.
1353 1335 1435 1373 Sed
1477 1334 1512 1373 si
1555 1333 1801 1388 migratione

129 1414 235 1452 sacta
274 1413 468 1453 aliorsum
497 1427 572 1467 pro
609 1423 795 1467 tempore
825 1411 1075 1451 transierunt
1105 1409 1283 1465 Lagopi,
1311 1420 1409 1449 tunc
1440 1408 1510 1448 vix
1542 1410 1592 1448 ad
1624 1416 1724 1449 3000
1757 1407 1801 1446 in

131 1502 177 1526 ea
207 1487 376 1542 regione
407 1487 643 1542 capiuntur,
683 1486 816 1541 qualis
859 1485 1006 1540 hyems
1044 1485 1122 1525 fuit
1158 1502 1251 1537 1771
1287 1494 1329 1523 et
1365 1501 1476 1535 1772.
1516 1482 1802 1523 Nihilosecius

132 1577 302 1601 numero
334 1576 415 1601 non
446 1561 646 1600 minuitur
675 1560 908 1615 prolifieum
946 1559 1077 1600 hocce
1109 1559 1281 1605 animab
1325 1569 1367 1597 et
1395 1557 1439 1597 in
1468 1558 1613 1597 insulis
1642 1557 1800 1596 Aleuti-

130 1625 210 1683 eis,
252 1635 324 1675 ubi
355 1635 574 1690 quotannis
605 1635 735 1674 multa
765 1649 909 1674 eorum
937 1634 1071 1673 millia
1102 1632 1276 1673 fustibus
1319 1631 1565 1672 occiduntur
1607 1643 1649 1671 et
1691 1630 1801 1671 deci-

131 1709 239 1764 pulis
269 1710 506 1764 capiuntur,
540 1723 701 1763 semper
732 1723 860 1763 aeque
892 1708 1052 1763 copiosi
1082 1719 1188 1747 sunt.
1248 1710 1300 1746 Et
1329 1706 1373 1746 in
1403 1706 1469 1746 his
1500 1721 1663 1761 quoque
1694 1707 1800 1745 insu-

131 1783 181 1823 lis
212 1784 466 1838 frequentior
496 1784 622 1823 etiam
651 1789 839 1830 varietas,
870 1798 973 1837 quae
988 1781 1142 1836 hyeme
1166 1797 1188 1821 e
1212 1781 1585 1835 fusco-glaucescit
1615 1781 1682 1820 vel
1712 1796 1802 1820 coe-

132 1860 391 1899 ruleo-fusca
417 1869 495 1908 est,
528 1858 628 1898 alibi
660 1858 772 1898 enim
802 1858 929 1898 rarior
958 1869 1001 1897 et
1029 1856 1176 1911 majori
1204 1856 1248 1896 in
1277 1856 1426 1912 pretio.
1485 1860 1533 1895 In
1562 1855 1627 1896 his
1657 1855 1802 1895 insulis

133 1933 275 1973 vivunt
305 1934 483 1989 piscium
513 1945 555 1974 et
584 1945 846 1973 cetaceorum
875 1933 919 1972 in
950 1933 1066 1972 littus
1096 1931 1239 1986 ejectis
1270 1929 1536 1972 cadaveribus
1567 1943 1609 1970 et
1639 1930 1802 1985 quibus-

134 2007 194 2046 vis
232 2008 353 2048 maris
391 2008 715 2061 1·ejectameutis;
760 2009 804 2048 in
844 2007 1077 2049 continenti
1114 2006 1319 2055 muribus,
1357 2018 1543 2045 tetraone
1583 2006 1800 2059 lagopode‚

132 2082 354 2136 leporibus.
419 2086 697 2123 Excrementa
738 2083 1026 2123 foetidissima.
1097 2083 1211 2121 Odor
1239 2097 1359 2135 supra
1389 2082 1562 2120 caudam
1591 2079 1800 2118 levissime

133 2157 427 2207 ambrosiaeus,
471 2157 610 2197 affinis
640 2157 725 2205 illi,
758 2173 881 2211 quem
911 2159 1014 2197 Gulo
1044 2155 1183 2210 spirat.
1214 2179 1255 2185 -—
1287 2154 1423 2194 Pilum
1452 2165 1494 2194 et
1522 2155 1705 2194 colorem
1734 2169 1801 2193 na-

133 2242 246 2270 turae
277 2233 455 2286 quadam
484 2232 575 2285 lege
605 2242 783 2279 mutant,
815 2247 896 2272 non
926 2231 1080 2270 effectu
1109 2229 1290 2283 frigoris;
1329 2229 1419 2269 vidi
1448 2229 1561 2269 enim
1591 2229 1801 2283 Petropoli

132 2305 259 2345 etiam
290 2306 426 2346 calido
456 2307 549 2346 loco
580 2307 795 2345 detentum
825 2307 1037 2360 Lagopum
1065 2305 1218 2345 sensim
1246 2304 1440 2359 hyemale
1458 2305 1587 2344 vellus
1603 2303 1798 2347 induisse.

133 2392 372 2421 remanente
403 2380 552 2420 ultimo
584 2380 735 2420 dorsali
765 2391 898 2420 tractu
937 2381 1210 2429 fuscescente,
1252 2381 1383 2420 donec
1413 2391 1456 2420 et
1485 2378 1555 2420 hic
1586 2393 1800 2419 evanesce—
