2196 2927
376 199 431 237 54
1124 186 1268 211 2—-

508 298 555 333 In
587 291 714 333 felino
745 302 895 345 genere
924 286 1156 329 animalitas
1187 287 1237 326 ad
1267 299 1469 326 summum
1502 288 1673 340 gradum
1712 299 1857 328 evecta
1887 299 1929 328 et
1958 288 2043 328 ani-

375 370 502 411 males
532 367 696 422 spiritus
732 364 914 406 maxime
951 362 1124 403 exaltati
1159 362 1365 402 videntur.
1424 361 1532 401 Hinc
1562 377 1720 401 summa
1749 362 1811 402 vis
1848 362 2044 418 impetus,

375 442 601 491 iracundia,
632 441 845 489 fortitudo,
878 439 1054 494 agilitas.
1125 437 1233 477 Hinc
1265 437 1461 478 electrica
1492 436 1721 492 proprietas
1753 437 1920 477 velleris
1958 439 2045 478 fere.

375 518 565 559 omnibus
589 528 631 557 et
659 516 781 571 ignea
811 517 1024 556 oculorum
1052 514 1096 554 in
1125 512 1306 553 tenebris
1335 511 1592 560 scintillatio,
1633 527 1736 566 quae
1764 513 1896 552 multo
1933 511 2047 552 debi-

377 594 456 633 lior
478 592 639 634 Canino
663 602 704 631 ct
728 591 954 631 Mustelino
984 589 1138 644 generi,
1170 587 1300 643 equis,
1324 586 1555 642 plialae11i5‚
1571 586 1701 627 immo
1727 586 1891 627 homini
1914 587 2048 627 inten-

377 667 494 707 ‹h-nti
532 666 684 715 aciem,
732 667 798 706 vol
836 677 974 705 mente
1013 662 1264 709 ardescenti3
1319 674 1360 702 at
1396 661 1691 718 phlegmaticis
1729 663 1856 702 nulla.
1936 665 2048 703 Haec

375 742 497 796 ignea
535 741 645 782 acies
680 742 784 781 forte
827 742 983 780 nudum
1013 739 1213 778 electrum
1249 738 1406 778 retinae
1434 752 1644 777 nervosae.
1718 738 1887 778 Etenim
1913 738 2050 778 nullus

381 828 594 873 praeterea
623 816 667 856 in
696 829 867 870 corpore
904 813 1074 853 animali
1111 824 1172 853 est
1207 813 1334 862 locus,
1365 812 1436 853 ubi
1465 812 1624 853 cerebri
1654 811 1698 852 in
1736 828 1884 854 nervos
1922 812 2053 853 conti-

382 902 546 931 nuatam
575 891 799 931 medullam
837 889 975 929 vivam
1012 890 1124 929 nudo
1162 889 1283 928 oculo
1319 899 1533 944 patentem
1569 887 1735 938 videas,
1780 904 1904 943 quam
1942 889 2052 927 fene-

383 977 507 1005 strata
545 966 757 1006 oculorum
794 964 1037 1021 penetralia.
1109 967 1260 1003 Nonne
1297 978 1395 1018 ergo
1430 962 1534 1003 haec
1571 978 1641 1002 seu
1679 962 1945 1017 phosphorea
1983 977 2053 1002 seu

385 1040 581 1080 electi-ica
608 1040 744 1094 potius
773 1041 844 1079 lux
869 1040 1082 1079 oculorum
1097 1038 1140 1077 in
1155 1036 1349 1085 tenebris,
1367 1036 1608 1091 praesertim
1632 1036 1957 1086 intendentium,
1981 1051 2056 1091 per

384 1113 489 1154 iram
518 1115 584 1154 vel
615 1114 918 1163 adtentionem,
949 1112 1188 1153 sensitivam
1218 1110 1479 1160 facultatem,
1519 1122 1759 1166 argumento
1795 1127 1882 1152 esse
1919 1123 2055 1167 potest

387 1203 462 1243 pro
492 1189 680 1243 analogia
708 1189 907 1244 principii
944 1186 1101 1228 actuosi
1139 1197 1181 1225 et
1215 1185 1411 1225 materiae
1450 1185 1668 1227 electricae
1707 1201 1781 1242 per
1818 1187 2055 1227 universum

391 1262 562 1302 diffusae
592 1275 633 1302 et
662 1263 773 1302 varie
803 1262 1077 1303 modificatae.
1135 1264 1257 1301 Forte
1287 1262 1337 1301 ab
1366 1260 1491 1301 insita
1519 1260 1561 1300 vi
1589 1260 1709 1316 hujus
1733 1261 1931 1317 principii
1951 1261 2056 1302 deri-

391 1338 525 1377 vanda
561 1353 719 1378 summa
757 1337 800 1377 in
839 1337 967 1377 felino
1001 1349 1044 1377 et
1087 1336 1308 1377 mustelino
1345 1351 1494 1391 genere
1531 1336 1642 1376 vitae
1678 1337 1893 1377 tenacitas.
1964 1339 2055 1377 Nec

394 1411 556 1452 videtur
592 1413 699 1453 solus
727 1426 827 1461 esse,
858 1424 902 1452 ut
931 1412 1060 1467 aliqui
1089 1423 1254 1468 putant,
1284 1427 1504 1452 nervorum
1532 1412 1712 1458 habitus,
1749 1411 1821 1466 qui
1859 1412 2056 1460 actiones,

396 1487 446 1526 ab
482 1486 714 1528 irritatione
751 1489 978 1542 pendentes
1007 1487 1136 1527 etiam
1173 1488 1311 1528 ablato
1348 1489 1529 1535 cerebro,
1568 1486 1808 1526 immediate
1844 1486 1889 1526 in
1933 1501 2059 1526 mern-

392 1560 475 1599 bris
511 1561 723 1615 producit3
762 1573 820 1602 ut.
859 1579 897 1603 v.
938 1577 996 1617 gr.
1027 1567 1190 1618 Vespae
1220 1561 1398 1602 abscissa
1427 1563 1541 1603 alvus
1569 1561 1728 1602 irritata
1766 1562 1956 1601 aculeum
1991 1575 2058 1601 ei<⁴

394 1647 520 1684 serat,
560 1634 780 1689 Phalangii
810 1638 875 1675 vel
902 1639 985 1676 Juli
1012 1638 1248 1690 longipedis
1278 1638 1407 1675 ablati
1435 1640 1562 1690 pedes
1591 1637 1663 1676 diu
1691 1637 1986 1675 contrahantur
2020 1647 2061 1674 et

394 1708 647 1748 tremiscant.
717 1712 784 1748 Ne
821 1710 1104 1749 recentissima
1140 1709 1407 1749 Galvanismo
1443 1709 1624 1749 excitata
1663 1708 1861 1748 miracula
1906 1724 2060 1749 memo-

398 1797 498 1822 rem.
557 1784 637 1822 Sed
660 1797 768 1832 vere,
791 1798 866 1837 per
887 1783 1096 1823 internum
1119 1797 1280 1822 sensum
1304 1785 1444 1823 sedem
1466 1783 1702 1839 passionum
1725 1783 2000 1838 peculiarium
2016 1784 2059 1824 in

401 1855 522 1895 variis
553 1857 734 1912 corporis
762 1858 945 1912 partibus
980 1859 1080 1913 poni
1109 1859 1271 1907 debere,
1304 1858 1482 1913 quilibet
1511 1858 1554 1898 in
1569 1874 1611 1898 se
1632 1858 1840 1898 adtentior
1860 1860 2062 1899 concedat

403 1945 567 1970 necesse
596 1942 670 1971 est.
741 1935 795 1971 Et
832 1932 1026 1973 animalia
1058 1933 1364 1988 simplicissima
1401 1937 1471 1986 (ut
1503 1935 1694 1988 Hydrae)
1733 1948 1874 1973 omnes
1904 1934 2062 1974 actuosi

403 2004 600 2059 principii
628 2007 854 2056 facultates,
885 2023 988 2062 quae
1011 2008 1055 2048 in
1078 2008 1128 2047 iis
1154 2009 1203 2047 ad
1227 2023 1389 2047 sensum
1412 2020 1653 2062 motumque
1677 2009 1954 2050 voluntarium
1970 2009 2063 2049 sim-

406 2079 558 2133 plicem
587 2080 721 2120 redire
751 2081 956 2131 videntur,
987 2098 1060 2138 per
1088 2094 1221 2123 totum
1250 2098 1396 2138 corpus
1426 2084 1653 2138 aequaliter
1690 2084 1957 2124 distributum
1993 2083 2063 2123 ha-

408 2154 515 2202 bere,
546 2155 629 2194 cita
658 2156 863 2197 restitutio
894 2157 1182 2207 dissectorum,
1221 2158 1309 2198 sine
1346 2157 1460 2198 omni
1496 2158 1706 2199 actionum
1734 2160 1848 2208 labe,
1891 2160 2063 2214 probare

408 2228 582 2269 videtur.
614 2256 661 2261 ——
692 2233 783 2271 Nec
815 2231 938 2272 video
968 2248 1090 2287 quare
1120 2247 1280 2288 semper
1309 2233 1489 2273 animam
1518 2235 1621 2274 adeo
1652 2235 1703 2274 ab
1740 2234 1861 2288 ignea
1898 2233 1940 2272 vi
1975 2248 2064 2273 ner-

409 2302 477 2342 vei
505 2305 734 2358 systematis
764 2306 1002 2347 distinctam
1030 2307 1162 2346 velint
1188 2307 1460 2362 Philosophi?
1518 2309 1645 2362 Quasi
1678 2319 1791 2348 tanta
1827 2307 1984 2347 cerebri
2019 2308 2064 2347 in

412 2377 655 2420 animalibus
684 2382 827 2432 moles,
857 2382 1036 2437 primum
1067 2382 1308 2438 pullulantis
1337 2383 1574 2437 embryonis
1613 2383 1911 2431 rudimentum,
1959 2397 2063 2437 quae
