2196 2927
379 205 466 249 298
1007 190 1010 191 ⁷
1145 209 1289 232 -----

375 311 536 359 licitur,
582 322 658 348 nec
688 318 829 347 tamen
860 307 967 362 apud
998 321 1071 346 nos
1109 317 1300 361 generat,
1343 305 1416 344 scd
1447 305 1498 343 ud
1541 314 1742 345 aestatem
1786 304 2057 347 antarcticarn

375 383 639 442 prolificandi
669 382 802 437 gratia
830 383 931 423 illuc
963 383 1100 422 denuo
1131 382 1232 422 abit.

513 500 546 536 E
573 495 837 536 terrestribus
878 495 1069 535 boreales
1110 506 1268 535 nostras
1304 493 1477 549 hyemes
1508 505 1669 533 tantum
1699 494 1913 548 perferunt
1944 494 2054 547 Stry--

375 588 445 629 ges
476 572 659 628 aliquae,
692 587 805 611 rarae
836 570 1037 625 Aquilae,
1083 570 1232 625 quibus
1261 570 1461 625 pabulum
1503 584 1525 609 e
1569 570 1885 624 quadrupedum
1928 568 2055 607 classe

377 664 460 690 non
491 647 648 697 deficit,
683 643 900 695 Cornices,
934 647 1208 694 Monedulae,
1241 645 1485 694 Glandaria,
1527 645 1701 693 Mimus,
1747 643 1857 692 Pici,
1902 643 2056 683 Picafia-

374 725 458 773 ria,
503 723 659 764 Loxiae
705 734 745 762 et
790 725 974 761 Passeres
1004 721 1153 774 al'qui,
1200 720 1309 760 circa
1340 722 1450 760 culta
1481 719 1723 760 hominibus
1754 719 1845 759 loca
1876 720 1986 758 furto
2016 729 2057 757 et

375 798 613 855 quisquiliis
644 798 854 842 viventes,
896 799 1125 836 Tetraones
1169 795 1274 835 varii
1311 795 1459 850 quibus
1500 807 1640 850 parata
1670 795 1786 835 omni
1813 806 2002 849 tempore
2033 809 2055 833 e

373 874 514 915 baccis
558 872 868 926 seminibusque
913 871 1169 925 plantarum,
1215 870 1310 924 julis
1354 881 1395 910 et
1440 870 1616 925 gemmis
1659 872 1849 910 arborum
1891 869 2055 925 pabula,

375 962 418 990 et
449 950 619 991 Cinclus
649 948 758 988 circa
789 946 1109 1000 sentin-iginosos
1137 958 1363 994 torrentes,
1409 946 1453 986 in
1490 946 1639 1000 quibus
1669 945 1823 999 glacies
1852 959 1933 984 non
1963 960 2056 984 con-

377 1025 508 1072 sistit,
551 1024 680 1065 etiam
709 1022 864 1078 hyeme
895 1021 1131 1062 contillans.
1199 1025 1280 1061 Has
1318 1021 1449 1076 igitur
1490 1021 1609 1060 alites
1655 1023 1741 1074 jure
1786 1029 2058 1075 permanentes

377 1100 676 1156 appellaveris,
724 1113 896 1154 quarum
937 1097 1065 1136 etiam
1103 1097 1327 1153 pleraeque
1366 1095 1643 1152 septentrioni
1674 1099 1883 1150 Europae,
1931 1094 2057 1134 Asiae

375 1187 418 1216 et
449 1176 549 1216 novi
590 1174 701 1215 orbis
738 1184 832 1213 sunt
867 1187 1127 1218 communes,
1174 1189 1250 1213 nee
1293 1173 1337 1213 in
1381 1174 1538 1214 calidas
1580 1171 1768 1226 regiones
1811 1181 2056 1226 evagantur3

373 1251 559 1307 reliquae
591 1265 735 1290 omnes
767 1253 1030 1302 migratorz'cze
1060 1248 1127 1287 vel
1157 1254 1369 1289 erraticae.

511 1365 778 1417 NIigrdtoricze
822 1372 984 1401 nostrae
1030 1376 1143 1411 aves,
1187 1377 1291 1416 quae
1334 1360 1487 1416 passim
1518 1362 1625 1417 aptis
1653 1362 1757 1402 locis
1788 1363 1855 1402 vel
1887 1360 2056 1401 mitiore

374 1438 529 1495 hyeme
559 1438 810 1487 consistunt,
842 1437 886 1476 in
915 1436 1115 1490 hybernis
1146 1437 1224 1477 soli
1254 1437 1373 1491 gulae
1405 1437 1644 1487 consulunt,
1677 1453 1759 1478 non
1789 1436 1912 1494 proli.
1972 1440 2056 1476 No·

374 1532 424 1555 va
454 1516 591 1571 proles
623 1513 721 1553 anni
751 1512 794 1552 in
824 1512 976 1552 iisdem
1007 1511 1209 1567 hybernis
1252 1512 1491 1552 maturescit
1535 1524 1577 1552 et
1618 1514 1847 1568 persectam
1891 1512 2055 1552 adultae

373 1589 522 1630 aetatis
550 1588 689 1629 induit
725 1587 1024 1644 plumaginem.
1095 1587 1417 1628 Prolificationis
1460 1588 1591 1642 gratia
1633 1603 1778 1629 omues
1823 1589 1875 1628 ad
1920 1587 2060 1627 nativa

369 1666 492 1713 loca,
531 1665 624 1720 plus
655 1664 790 1704 minus
821 1674 933 1703 arcto
963 1661 1122 1712 vicina,
1168 1664 1235 1702 vel
1266 1662 1437 1718 frigidas
1469 1665 1519 1703 ad
1551 1664 1664 1719 alpes
1694 1665 1885 1704 redeunt.
1952 1664 2059 1702 Edu-

370 1753 464 1781 cata
495 1739 649 1780 deinde
681 1739 798 1794 prole
828 1749 870 1777 et
901 1738 1056 1776 refecta
1086 1753 1192 1777 nova
1222 1737 1485 1792 plumagine,
1527 1738 1570 1777 in
1616 1738 1720 1779 locis
1762 1738 1916 1793 pabulo
1958 1737 2058 1793 ipsis

371 1827 488 1871 grato
520 1813 824 1854 abundantibus
855 1810 1154 1866 aliquantisper
1183 1823 1385 1861 moratae,
1431 1813 1584 1852 sensim
1626 1812 1670 1852 in
1715 1824 1812 1853 nota
1855 1813 2056 1868 hyberna,

371 1906 455 1946 quo
486 1889 620 1929 allicit
649 1888 868 1943 pabulum,
913 1887 1132 1926 recedunt:
1175 1887 1331 1927 multae
1374 1902 1456 1927 non
1488 1899 1584 1927 ante
1614 1890 1900 1928 confirmatam
1931 1900 2058 1928 aesta-

368 1977 478 2010 tem;
509 1963 649 2005 omnia
685 1977 783 2002 vero
815 1961 993 2002 borealis
1023 1961 1353 2017 haemisphaerii
1381 1966 1565 2003 Pennata
1595 1963 1699 2003 citra
1728 1964 1931 2020 Tropicos
1962 1979 2057 2004 con-

365 2041 534 2089 sistunt,
583 2039 691 2085 sola,
733 2049 779 2077 ut
818 2036 936 2084 dixi,
978 2037 1212 2077 Diomedea
1252 2049 1441 2093 excepta.
1513 2042 1575 2078 Ita
1605 2039 1779 2079 veroin
1809 2054 1959 2094 genere
1990 2041 2058 2080 ad-

366 2116 504 2157 dit-tae
535 2126 629 2154 sunt
656 2113 760 2155 locis
789 2113 833 2154 in
864 2113 1017 2169 quibus
1042 2124 1164 2153 natae
1195 2124 1309 2160 sunt,
1352 2124 1405 2153 ut
1438 2129 1488 2154 eo
1536 2125 1639 2169 quot
1668 2115 1784 2154 annis
1815 2116 1985 2155 redeant
2015 2116 2056 2154 fi-

366 2191 537 2236 deliter,
581 2190 713 2230 immo
756 2190 960 2244 quaedam
991 2188 1146 2229 exinde
1176 2193 1328 2230 locales
1358 2189 1593 2244 specierum
1622 2201 1844 2230 nascuntur
1874 2192 1913 2230 V
1911 2196 2054 2230 arieta-

365 2277 446 2311 tes‚·
491 2269 603 2316 cujus
644 2264 706 2305 rei
745 2264 925 2305 illustria
955 2265 1154 2319 exempla
1185 2267 1324 2304 Fauna
1354 2275 1493 2305 nostra
1522 2267 1694 2320 praebet
1729 2266 1774 2305 in
1812 2264 2050 2305 Hir-undine

368 2340 596 2380 domestica
646 2339 845 2389 Sibiriae,
891 2341 1055 2379 Alauda
1105 2339 1299 2394 alpestri,
1344 2341 1560 2381 Motacilla
1606 2355 1792 2389 aurorea,
1837 2338 2054 2378 Emberiza

365 2414 518 2467 nivali,
549 2417 713 2456 Passere
745 2429 908 2467 arctoe,
942 2415 1150 2459 Carduele
1182 2415 1383 2467 Sibiriae,
1415 2415 1660 2467 Morinello,
1692 2418 1896 2454 Tetraone
1926 2417 2054 2469 Lago-
