2196 2927
890 168 1033 185 *—

889 187 1033 195 -—--.

1706 176 1788 214 213

119 288 217 315 nere
260 271 447 319 minimi,
491 268 709 321 distantes,
754 281 923 319 teretes,
965 270 1009 310 in
1051 268 1280 310 senioribus
1323 272 1623 325 speciminibus
1665 275 1791 330 plane

118 349 283 398 detriti,
313 347 568 396 brevissimi,
599 345 824 386 exteriores
847 345 999 386 sensim
1024 345 1217 387 minores.
1276 347 1395 390 Oculi
1419 350 1670 398 mediocres3
1703 355 1788 406 pal-

117 425 263 479 pebrae
292 422 476 478 margine
506 422 617 462 nudo
649 422 806 469 fuscae,
839 424 944 461 ciliis
973 421 1098 476 plane
1128 424 1267 464 nullis.
1327 423 1512 467 Canthus
1535 426 1694 466 anticus
1721 441 1787 466 ex>

118 500 306 554 planatus
335 498 378 538 in
408 511 543 537 aream
572 495 886 549 triangularem,
925 497 1100 537 effusam
1128 497 1173 538 in
1202 503 1333 538 sinum
1356 503 1623 552 lacrymalem
1647 504 1789 554 majus-

118 574 259 613 culum
269 603 282 620 ,
324 571 534 619 conicum,
578 568 700 609 labiis
738 569 883 625 pilosis
914 571 1232 621 conniventem,
1278 573 1350 613 vix
1380 573 1616 613 sebiferum.
1686 576 1790 615 Pet-22

119 651 411 702 ophthalimum
439 659 655 700 magnum,
694 660 892 695 crassum,
939 647 1047 686 ultra
1089 647 1316 688 dimidium
1352 648 1537 703 pupillae
1567 648 1792 696 adduct-210,

120 723 304 777 margine
347 720 681 775 fusco-nigrum.
758 722 885 761 [rides
926 723 1277 776 gryseo—fuscae,
1333 723 1396 763 uti
1437 723 1598 778 pupilla
1640 723 1792 762 ovalcs.

115 796 220 836 Axis
249 807 463 851 aperturae
493 796 787 851 palpebrarum
817 796 904 835 fere
934 811 1029 836 cum
1058 797 1223 838 naribus
1254 797 1479 845 coincidit;
1524 809 1565 838 at
1593 797 1796 838 diameter

114 874 246 925 major
290 870 409 911 iridis
454 870 552 911 axin
581 870 700 910 illam
728 871 813 911 fere
842 869 1065 912 semirecto
1104 873 1254 926 angulo
1284 884 1415 922 secat,
1463 884 1693 913 antrorsum
1724 874 1796 912 atl-

115 948 336 994 scendens3
379 947 489 986 unde
532 945 643 986 oculi
686 944 796 985 torvi
826 957 1038 1001 apparent.
1107 948 1186 988 Pili
1216 947 1500 1002 supraciliares
1530 947 1647 1002 longi
1676 946 1796 992 nulli,

115 1020 315 1076 parcique
345 1021 390 1061 in
419 1021 533 1061 labio
563 1035 773 1076 superlore
804 1020 1023 1076 sparsi.Y-—
1053 1022 1183 1062 Aures
1212 1021 1466 1072 mediocres,
1497 1024 1688 1072 obtusae,
1721 1021 1795 1061 vil-

118 1098 159 1137 lo
189 1096 480 1144 conniventes,
524 1095 635 1135 intus
672 1110 811 1135 versus
841 1094 959 1136 basin
987 1095 1124 1152 porcis
1155 1098 1313 1138 duobus
1341 1097 1518 1151 margini
1548 1097 1794 1152 subparalle—

116 1172 188 1220 lis,
221 1185 395 1225 quorum
424 1170 693 1209 intervallum
715 1169 939 1211 introrsum
963 1172 1289 1212 subconvexum.
1348 1174 1510 1212 Cornua
1533 1171 1684 1212 adultis
1707 1172 1794 1211 lon-

115 1245 304 1301 gissima,
348 1243 601 1299 gracillima,
655 1243 932 1294 subelastica‚
984 1245 1354 1295 cinereo-albida,
1399 1246 1626 1300 laevigata,
1671 1245 1797 1286 tereti

116 1336 370 1377 compressa,
402 1319 448 1359 in
478 1334 638 1360 summo
667 1318 825 1361 vertice
857 1319 1152 1368 subdistantia,
1194 1320 1347 1361 sensim
1377 1320 1656 1375 divergentia,
1699 1335 1795 1359 arcu

117 1411 254 1436 versus
298 1398 465 1437 dorsum
510 1395 619 1434 facto
650 1406 878 1435 antrorsum
907 1395 1031 1435 ramis
1061 1407 1102 1436 et
1130 1395 1281 1451 palmis
1312 1394 1547 1451 vergentia,
1592 1394 1794 1435 variantia

115 1470 160 1510 in
191 1471 336 1519 variis,
367 1484 540 1510 nurnero
569 1485 778 1510 ramorum
807 1481 848 1510 et
878 1469 1105 1526 digitorum
1133 1471 1178 1512 in
1207 1470 1376 1527 palmis;
1408 1474 1455 1511 In
1477 1485 1628 1525 genere
1650 1470 1794 1526 tripar-

116 1546 216 1586 tita:
260 1550 412 1601 primus
440 1560 575 1585 ramus
605 1560 657 1585 ex
687 1544 777 1599 ipsa
805 1559 956 1585 corona
985 1560 1185 1586 cornuum
1215 1556 1443 1585 antrorsum
1472 1557 1703 1600 porrectus,
1736 1546 1795 1586 di-

118 1620 304 1661 rectione
340 1631 471 1660 rostro
512 1619 800 1675 subparallela.
872 1619 952 1660 Hic
981 1620 1125 1661 dextro
1165 1635 1291 1662 cornu
1332 1620 1578 1676 plerumque
1619 1620 1791 1660 vertica-

118 1695 216 1736 liter
257 1710 538 1750 compressus,
593 1705 779 1734 extremo
823 1694 936 1734 varie
982 1695 1211 1750 palmatus,
1265 1710 1386 1750 supra
1426 1693 1564 1749 ipsum
1608 1694 1794 1735 medium

122 1781 298 1811 rostrum
327 1769 580 1825 obliquatus3
623 1773 774 1810 sinistri
812 1768 1061 1825 simplicior,
1106 1782 1294 1811 extremo
1331 1770 1603 1811 subramosus.
1669 1772 1702 1809 E
1723 1776 1792 1809 ‘re-

122 1845 276 1885 clinata
304 1856 420 1900 parte
450 1860 650 1886 cornuum
678 1845 874 1886 secundus
902 1860 1036 1885 ramus
1065 1844 1310 1901 principalis
1332 1859 1355 1885 e
1378 1844 1541 1899 singulo
1565 1855 1794 1884 antrorsum

120 1930 358 1975 protensus,
388 1919 460 1976 qui
489 1931 677 1960 extremo
706 1919 1154 1975 palmato-multifidi,-
1191 1918 1321 1974 magis
1349 1931 1560 1975 patentes,
1602 1919 1794 1973 inaequa—

122 1993 218 2034 liter
247 1994 410 2035 ramosi.
479 1995 588 2035 Hinc
626 2007 811 2035 extrema
846 2011 1046 2036 cornuum
1076 2006 1307 2036 antrorsum
1337 2005 1521 2040 arcuata,
1563 1998 1792 2034 summitate

123 2067 360 2117 latiuscula‚
391 2084 642 2125 compressa,
670 2071 796 2110 modo
825 2071 1026 2124 palmata,
1064 2071 1190 2110 modo
1217 2067 1624 2109 ramoso-multifida
1652 2067 1792 2107 termi-

123 2155 286 2183 nantur.
344 2147 558 2184 Praeterea
596 2143 747 2184 ramuli
787 2143 894 2184 varii
936 2144 1099 2184 diverso
1141 2157 1312 2184 numero
1352 2153 1396 2182 et
1435 2141 1515 2182 situ
1558 2143 1795 2183 accessorii.·

122 2222 170 2259 In
200 2217 393 2259 foeminis
423 2217 576 2258 divisio
606 2219 772 2267 eadem,
816 2219 888 2258 sed
917 2218 1039 2274 paulo
1069 2216 1227 2259 minora
1270 2217 1422 2259 omnia.
1494 2221 1542 2256 In
1584 2217 1788 2258 anniculis

123 2293 258 2349 prima
285 2308 438 2335 cornua
467 2292 690 2334 subtrifida.
748 2294 857 2334 Sulci
894 2293 1093 2341 obsoleti,
1135 2309 1324 2334 vasorum
1352 2295 1456 2334 forte
1485 2292 1788 2349 impressiones,

124 2367 166 2409 in
204 2369 394 2410 omnibus
437 2367 786 2423 longitudinales,
830 2369 881 2410 ad
924 2383 1055 2409 ramos
1097 2369 1312 2410 subdivisi.
1342 2395 1398 2402 -—
1438 2371 1598 2411 Collum
1639 2370 1785 2418 breve,
