2196 2927
879 220 1025 243 Ξ
1696 224 1781 263 493

327 320 506 362 Carruca
537 317 829 368 arundinacea,
860 320 1038 359 Brisson.
1067 332 1151 359 orn.
1181 320 1255 360 III.
1286 336 1326 376 p.
1357 325 1448 373 378.
1478 334 1539 377 sp.
1570 327 1608 364 5.

326 394 542 436 Motacilla
572 393 791 442 Salicaria,
828 396 915 434 Lin.
944 394 1071 433 Faun.
1101 408 1160 433 su.
1190 397 1243 434 ΙΙ.
1288 412 1325 435 η.
1358 406 1448 447 249.
1490 408 1594 452 εχει.
1624 399 1719 439 ΧΠ.
1749 399 1783 439 Ι.

381 487 420 526 p.
452 478 542 511 330.
574 486 633 525 sp.
665 476 702 510 8.
732 470 850 510 Zool.
882 470 971 510 brit.
1011 485 1050 524 p.
1079 486 1144 520 99.
1176 471 1258 509 tab.
1288 471 1327 510 S.
1349 473 1432 525 fig.
1468 490 1500 512 1.

326 547 459 600 Sedge
490 545 703 592 Warbler,
739 546 925 584 Latham.
957 559 1048 597 syn.
1083 546 1153 584 IV.
1185 561 1224 600 p.
1255 552 1347 594 430.
1379 562 1416 586 n.
1450 564 1514 587 21.

322 624 380 661 Le
411 620 604 667 channe,
635 620 864 660 D'Aubent.
893 623 989 674 pict.
1019 619 1103 659 tab.
1137 621 1328 674 651.fig.
1366 639 1396 660 1.

212 709 353 748 Rosms
387 707 568 758 Talofka
599 704 835 759 (Salicaria)
853 736 864 755 ,
895 720 1033 746 versus
1062 705 1264 746 Jacutiam
1294 707 1518 764 Pjewunetz
1548 709 1785 760 (cantator).

239 812 287 848 In
316 807 462 848 Rossia
492 820 535 848 et
564 807 716 848 Sibiria
746 807 899 863 passim
928 808 972 848 in
1016 807 1209 848 Salicetis
1254 808 1364 849 circa
1408 809 1553 851 fluvios
1594 812 1787 861 occurrit,

103 884 284 927 suaviter
311 883 553 931 cantillanS,
583 885 693 923 undo
722 883 767 923 in
796 883 1032 924 borealibus
1064 885 1115 923 ad
1146 886 1322 934 Lenam,
1365 885 1436 925 ubi
1479 886 1585 926 aliae
1642 889 1788 929 desunt

102 959 359 1005 melodicae,
403 957 602 998 rossicum
632 974 784 999 nomen
814 957 978 999 meruit.
1050 960 1304 1000 Observatur
1347 959 1476 1000 etiam
1517 961 1561 1001 in
1603 963 1787 1004 Dauuria

104 1048 146 1077 et
175 1034 389 1076 studiosus
419 1048 558 1074 versus
588 1048 700 1074 mare
732 1033 930 1089 glaciale,
970 1049 1182 1089 quousque
1214 1036 1376 1076 arbusta
1406 1048 1649 1091 suppetunt,
1692 1053 1786 1079 ean-

105 1113 201 1152 dem
231 1108 354 1150 vidit.
412 1110 562 1149 Evolat
590 1110 635 1149 in
665 1124 864 1149 cacumen
894 1109 1073 1160 arboris,
1118 1109 1301 1165 indeque
1332 1125 1385 1151 ex
1414 1127 1527 1152 ramo
1556 1112 1600 1152 in
1630 1129 1790 1155 ramum

103 1173 333 1229 desultans,
370 1183 583 1238 productis
614 1195 656 1224 et
685 1184 936 1224 continuatis
968 1185 1078 1225 sonis
1110 1185 1399 1226 amoenissime
1431 1187 1640 1238 cantillat‚
1683 1204 1786 1229 voce

102 1264 258 1313 majore
288 1273 413 1313 quam
440 1258 632 1298 tantillae
663 1258 850 1299 aviculae
881 1259 1105 1300 convenire
1137 1259 1309 1300 diceres.
1333 1285 1388 1294 -—-
1416 1262 1551 1302 Nidus
1580 1263 1623 1304 in
1654 1279 1785 1304 ramu-

102 1336 145 1377 lo
174 1335 402 1381 bifurcam,
438 1347 460 1372 e
491 1333 745 1387 graminibus
774 1333 986 1389 implexis.
1046 1335 1181 1375 ΟυιιΖα
1210 1343 1235 1386 4
1265 1336 1317 1375 ad
1348 1343 1385 1378 5.

240 1448 410 1487 Descr.
468 1445 612 1500 Sylvia
642 1446 774 1485 multo
815 1446 962 1486 minor.
1020 1447 1211 1487 Rostrum
1240 1447 1425 1503 nigrum,
1467 1449 1557 1490 basi
1586 1451 1786 1493 maxillae

103 1520 313 1563 inferioris
345 1521 588 1561 latescente.
648 1521 726 1569 Os,
759 1521 899 1575 anguli
929 1521 1011 1561 oris
1037 1532 1079 1561 et
1100 1521 1241 1575 lingua
1263 1523 1390 1563 bifida
1413 1525 1647 1566 flavissima.
1690 1530 1786 1569 Cor-

104 1613 180 1653 pus
207 1612 327 1652 supra
356 1595 773 1650 gryseo-cinereum.
838 1597 974 1650 Striga
1002 1596 1281 1651 superciliaris
1311 1614 1333 1637 a
1363 1611 1492 1640 rostro
1521 1602 1572 1641 ad
1601 1603 1784 1658 occiput,

102 1687 185 1712 una
215 1687 310 1712 cum
339 1670 570 1726 palpebris,
603 1671 913 1726 albo-pallida.
986 1673 1175 1713 Fasciola
1218 1673 1329 1713 fusca
1371 1675 1557 1716 obsoleta
1594 1693 1615 1716 a
1651 1690 1784 1720 rostro

102 1762 177 1804 per
206 1747 361 1787 oculos.
434 1747 582 1786 Subtus
628 1745 791 1786 avicula
833 1746 1275 1795 cinerascente-alba,
1317 1751 1459 1803 jugulo
1501 1751 1783 1809 lateribusque

102 1821 235 1876 magis
277 1820 629 1861 cine1·ascentibus
711 1823 817 1862 Alae
859 1822 1000 1862 subtus
1030 1834 1071 1862 et
1100 1823 1371 1863 subcaudales
1411 1826 1607 1881 pallidae.
1679 1830 1784 1870 Alae

103 1898 403 1942 fuscescentes,
443 1894 671 1949 remigibus
721 1913 778 1946 19.
812 1911 994 1949 vquarum
1033 1896 1210 1952 primif}
1236 1898 1422 1947 brevior,
1465 1908 1571 1943 3-5.
1601 1904 1784 1944 exterius

105 1981 359 2025 angustatae.
418 1970 563 2009 cauda
593 1969 730 2010 obiter
757 1972 997 2018 rotundam,
1026 1983 1114 2012 tota
1136 1973 1390 2022 fuscescens3
1422 1975 1664 2017 rectricibus
1693 1979 1784 2018 sub·

106 2044 238 2087 acutis
282 2043 415 2084 limbo
456 2043 821 2085 cinerascentibus.
897 2047 1066 2086 Femora
1106 2046 1278 2087 inl'erius
1316 2048 1588 2090 cinerascunt.
1659 2053 1787 2094 Pedes

105 2119 378 2175 longiusculi,
423 2120 958 2170 corneolo-fuscescentes,
1000 2120 1145 2176 digitis
1184 2124 1325 2162 subtus
1354 2125 1490 2173 flavis;
1530 2125 1694 2166 tibialia
1724 2127 1786 2168 in·

108 2207 238 2250 tegra.
296 2194 458 2234 Pondus
488 2193 778 2235 drachmarum
808 2196 901 2250 plus
929 2195 1064 2236 minus
1096 2211 1148 2244 23.
1220 2200 1452 2254 Longitudo
1492 2200 1565 2241 vix
1595 2207 1653 2241 δ”.
1695 2218 1787 2243 cau-

108 2272 186 2311 dae
223 2270 273 2309 1“.
312 2270 400 2308 11⁰².
432 2269 588 2308 alarum
618 2284 890 2325 expansarum
922 2277 979 2313 εἷ’.
1012 2278 1080 2313 6”’.
1111 2273 1234 2314 ulnae
1266 2277 1322 2316 2‘'.
1355 2281 1423 2316 2'''.
1453 2276 1574 2316 rostri
1617 2279 1667 2317 ad
1704 2279 1788 2319 oris

110 2346 281 2400 angulos
310 2344 395 2386 5÷“‘.
428 2344 479 2384 ad
509 2344 704 2385 frontales
734 2345 895 2400 plumas
933 2354 1018 2394 ΒΨ.
1061 2348 1259 2390 tibiarum
1299 2357 1386 2402 93⁰2
1430 2351 1584 2406 digitus
1625 2353 1787 2395 anticus

109 2420 273 2460 medius
302 2423 416 2475 (cum
445 2434 581 2475 ungue
614 2421 715 2474 πω.)
747 2423 814 2477 7'‘'.
845 2422 998 2479 postici
1035 2427 1148 2480 (cum
1178 2441 1314 2481 ungue
1351 2430 1446 2481 ιβ’.)
1478 2428 1564 2473 ὁὲψ.
