2196 2927
874 179 1018 202 Ξ
1709 181 1788 220 391

113 275 192 315 viis
220 288 407 332 prostant
435 278 478 318 in
508 280 648 321 Museo
694 280 1003 320 Academiae
1046 280 1396 335 Petropolitanae.
1465 281 1619 321 Vivam
1664 280 1792 320 etiam

113 352 248 392 albam
278 351 321 392 in
352 353 607 408 Seleugiensi
647 366 780 395 tractu
822 353 1079 409 aliquamdiu
1122 355 1225 394 aluit
1266 358 1455 397 Amiciss.
1501 357 1715 409 Vlassof
1749 366 1791 395 et

112 438 243 467 totam
273 443 368 468 cum
399 440 528 469 rostro
558 441 601 469 et
637 430 812 485 pedibus
850 429 1071 469 candidam
1116 429 1205 469 vidi
1248 433 1357 485 apud
1399 433 1532 472 Amic.
1577 432 1788 487 quondam

111 503 213 543 ΝΟΖ).
246 505 415 559 Procop.
446 505 487 543 D
499 519 518 544 e
529 521 567 544 m
579 510 591 544 ι’
602 506 626 544 d
638 520 661 544 0
663 507 700 557 f

331 628 415 676 49.
509 618 548 664 C
579 621 618 663 O
649 622 687 666 R
714 624 756 664 V
785 623 825 665 U
856 622 883 665 S
966 624 1202 681 Cyamus.
1269 623 1410 666 TAJJ.
1450 623 1575 666 XVI.

263 712 310 752 C.
342 727 576 753 macrourus
618 713 831 764 cinereus,
876 715 1036 755 vertice
1082 727 1198 763 atro,
1246 715 1321 756 alis
1365 717 1577 770 caudaque
1621 725 1793 755 cuneata

111 785 291 840 cyaneis.

326 862 425 904 Pica
455 864 569 906 varia
598 868 771 906 caudata
801 866 1024 916 dauurica,
1058 867 1313 922 atricapilla,
1345 877 1641 923 cyanopteros‚
1670 865 1796 905 mela-

385 954 537 995 nopus,
569 943 893 983 Messerschmid.
924 945 1067 983 ornikt'z.
1099 944 1186 983 MS.

328 1015 486 1056 Corvus
517 1017 701 1070 Cyamus,
744 1018 849 1058 Pall.
881 1022 968 1058 itin.
998 1021 1073 1058 ΙΙΙ.
1105 1021 1278 1074 append.
1320 1035 1416 1075 pag.
1449 1026 1540 1070 694.
1582 1035 1620 1058 n.
1652 1036 1688 1071 7.
1720 1020 1798 1057 La-

380 1093 505 1131 tlmm.
536 1107 627 1145 syn.
659 1095 692 1132 I.
724 1109 762 1147 p.
791 1099 880 1143 394.
911 1109 949 1132 n.
979 1101 1043 1134 30.
1075 1095 1243 1134 Gmelz'n.
1275 1106 1379 1148 syst.
1408 1097 1439 1133 I.
1471 1111 1509 1150 p.
1528 1101 1620 1146 373.
1650 1101 1795 1148 sp.39.

217 1164 358 1204 Rossis
388 1164 431 1205 in
463 1167 645 1207 Dauuria
676 1169 817 1224 Sinajcz
848 1168 915 1207 vel
944 1170 1093 1225 Simajcz
1122 1171 1275 1210 Soroha
1304 1170 1373 1210 vel
1400 1171 1562 1209 Ronshe'
1592 1169 1640 1222 (i.
1664 1184 1700 1208 e.
1728 1167 1791 1207 Pi-

272 1255 320 1280 ca
350 1241 418 1280 vel
447 1241 672 1282 Glandaria
702 1243 927 1295 coerulea).
987 1244 1199 1298 Mongolis
1227 1246 1354 1284 Idaclz
1369 1245 1436 1284 vel
1452 1243 1791 1283 Kicak-Schaed-

270 1318 449 1370 zeghaei.
507 1316 712 1371 Tungusis
741 1319 934 1358 Chadar&
964 1330 1007 1358 et
1035 1321 1181 1359 Isiivlzi.
1247 1319 1449 1374 Tangutis
1478 1320 1718 1359 Gschonmo.

244 1396 356 1432 Intra
386 1393 485 1431 fines
515 1392 687 1447 Imperii
716 1393 879 1433 Rossici
909 1409 1134 1449 nusquam,
1174 1394 1255 1434 nisi
1297 1394 1341 1434 in
1386 1394 1623 1449 regionibus
1666 1405 1794 1433 trans-

110 1468 436 1515 ba'icalensibus‚
464 1466 527 1507 ibi
557 1482 655 1508 vero
685 1469 873 1524 copiose,
910 1469 1094 1517 habitat,
1140 1468 1293 1524 hyeme
1324 1485 1414 1511 raro
1443 1469 1545 1510 hinc
1574 1470 1672 1510 inde
1704 1470 1796 1509 sub·

111 1542 277 1591 sistens,
321 1558 398 1584 nee
441 1544 493 1583 ad
529 1543 857 1598 septentrionem
899 1545 1012 1584 lacus
1050 1545 1190 1583 Balcal
1217 1544 1442 1598 transiens,
1483 1544 1620 1599 primo
1651 1555 1792 1583 autem

110 1633 207 1658 vere
236 1617 439 1673 gregatim
470 1618 696 1658 adventans
727 1633 749 1658 6
781 1619 998 1674 Mongolia
1027 1619 1291 1667 australiore,
1332 1618 1459 1674 inque
1502 1617 1683 1659 salicetis
1713 1617 1791 1658 cir-

110 1708 157 1733 ca
200 1693 370 1733 flumina
414 1693 616 1747 Selenga‚
657 1692 889 1743 Tschikoi,
935 1693 1152 1743 Dshidda,
1201 1693 1383 1744 Chilok,
1430 1695 1574 1743 Onon,
1620 1693 1789 1748 Ingoda,

109 1767 280 1809 Schilka
318 1780 360 1808 et
395 1770 540 1823 Argun
582 1768 764 1823 copiosa.
834 1768 1166 1824 Inquietissima,
1209 1768 1458 1809 astutissima
1501 1779 1544 1808 et
1584 1768 1791 1809 latebrosa

109 1843 221 1891 avis,
266 1859 370 1899 quae
412 1843 594 1899 plurium
640 1855 886 1885 venatorum
925 1844 1173 1884 industriam
1215 1844 1287 1884 diu
1314 1845 1506 1884 frustrata
1533 1854 1613 1893 est,
1657 1844 1792 1883 donec

111 1918 252 1959 medio
285 1918 417 1965 Junii,
462 1919 725 1959 evolantibus
761 1920 907 1974 pullis,
951 1935 1052 1973 quos
1096 1931 1287 1974 parentes
1333 1921 1432 1959 dum
1473 1934 1557 1959 non
1595 1917 1795 1972 perlectis

112 1991 188 2032 alis
217 1993 325 2033 male
355 1993 554 2040 volitant,
598 2008 716 2047 aegre
747 1995 960 2043 deserunt,
1008 1994 1168 2048 aliquot
1209 1993 1440 2049 specimina
1478 1993 1619 2033 adulta
1648 1992 1796 2047 sclopo

110 2066 332 2108 occidendi
374 2068 538 2109 occasio
583 2069 675 2108 fuit.
747 2069 947 2109 Subvolat
983 2083 1077 2108 cum
1106 2068 1286 2109 clamore
1317 2068 1465 2118 Picae,
1507 2080 1530 2107 6
1559 2066 1796 2122 longinquo

110 2142 243 2182 visum
272 2140 491 2183 hominem
520 2144 697 2197 fugiens.

243 2234 417 2274 Descr.
479 2233 657 2274 Minima
686 2234 729 2274 in
761 2233 842 2274 hoc
874 2248 1043 2289 genere.
1084 2234 1155 2273 sed
1184 2231 1447 2288 longitudine
1475 2234 1630 2275 caudae
1659 2232 1789 2274 etiam

110 2309 158 2350 C.
189 2309 350 2357 Picam,
393 2309 526 2349 multo
571 2313 788 2362 majorem,
837 2309 1025 2357 vincens3
1070 2308 1321 2365 plumaginis
1362 2308 1530 2349 raritate
1574 2308 1791 2350 simillima

111 2383 158 2424 C.
188 2385 317 2424 Mimo
348 2395 389 2424 et
421 2384 622 2425 affinibus.
680 2387 868 2426 Rostrum
897 2385 1084 2432 tenuius,
1123 2384 1355 2440 rectiusque
1386 2400 1484 2440 qum
1514 2383 1658 2436 Picae‚
1701 2384 1790 2426 imo
