2196 2927
413 199 497 237 342
1172 196 1316 219 Ξ

411 298 537 339 etiam
568 295 611 336 in
640 296 783 337 medio
825 311 1067 353 camporum
1103 296 1212 336 colle
1259 294 1567 350 quiescentem,
1612 306 1784 352 tumque
1826 299 1922 339 satis
1963 314 2093 356 prope

409 388 536 427 equos
568 383 609 412 et
638 388 777 412 currus
808 372 1191 429 appropinquantes
1218 371 1347 412 videt.
1406 372 1560 412 Niciam
1586 374 1714 413 semel
1738 373 1971 416 habitatum
1995 393 2093 433 quo-

407 447 543 487 tannis
587 448 761 503 repetit,
802 450 913 488 unde
945 448 1085 488 Rossis
1115 459 1157 489 et
1185 447 1348 488 Tataris
1379 449 1493 487 nefas
1535 448 1721 488 creditur
1751 449 1958 490 seniorem
1987 452 2095 493 occi-

407 523 520 563 dere.
580 525 718 564 Pullos
748 523 792 563 in
822 524 923 564 nido
954 523 1147 580 alligant,
1194 525 1329 564 dcnec
1360 523 1642 571 adoleverint,
1694 524 1849 565 deinde
1881 526 1996 566 domi
2025 543 2095 567 nu-

405 598 555 648 triunt,
600 610 646 639 ut
686 599 884 655 perfectis
926 600 1076 656 pennis
1117 600 1329 655 potiantur
1367 598 1610 639 rectricibus
1640 611 1810 655 propter
1840 601 2093 643 vexillorum

405 673 660 728 r‘giditatem
691 677 743 715 ad
774 665 943 730 sagittas
974 675 1156 714 maxime
1187 675 1412 730 requisitis.
1470 674 1606 715 Jacuti
1636 675 1851 716 carissimo
1881 676 2093 719 redimunt

400 752 578 790 caudam
608 750 830 806 Chrytaeti
861 762 900 790 et
931 751 1038 790 ultra
1070 751 1336 805 Imperialem
1367 750 1590 790 dimidium
1637 751 1703 790 vel
1734 750 1942 806 integrum
1973 753 2092 793 aesti-

402 837 531 865 mant.
591 826 676 881 Ipsi
712 825 825 865 enim
869 824 1015 866 divino
1066 826 1180 866 cultu
1222 837 1527 881 prosequuntur
1570 826 1771 880 Aquilam
1813 838 1857 867 et
1897 828 2092 869 occidere

403 901 593 956 plerique
624 903 736 941 nefas
767 903 941 948 ducunt3
989 900 1083 950 alii,
1116 901 1218 941 licet
1247 901 1440 942 occidant
1471 912 1513 940 et
1544 902 1766 941 comedant
1796 917 1960 952 carnes,
2004 919 2093 944 ossa

403 986 542 1016 tamen
567 978 754 1031 frangere
779 988 994 1026 verentur,
1027 978 1099 1016 sed
1130 977 1308 1017 collecta
1334 977 1378 1016 in
1401 992 1529 1016 unum
1552 976 1647 1016 loco
1673 976 1799 1017 devio
1822 980 2092 1032 suspendunt.

537 1053 710 1092 Descr.
776 1054 908 1093 Moles
950 1052 1074 1107 paulo
1119 1068 1239 1108 supra
1282 1053 1541 1107 Urogallum.
1612 1052 1776 1092 Pondus
1807 1059 1830 1093 8
1862 1054 1913 1092 ad
1944 1054 2094 1094 decem

403 1126 617 1168 librarum.
675 1130 865 1168 Rostrum
894 1128 983 1168 basi
1013 1128 1328 1178 rectiusculurn,
1360 1129 1585 1174 livescens,
1616 1142 1724 1167 unco
1755 1127 1887 1183 nigro.
1947 1132 2093 1183 Margo

403 1202 602 1242 maxillae
639 1203 863 1258 superioris
903 1219 1040 1243 versus
1081 1203 1200 1243 basin
1243 1204 1490 1259 inaequalis.
1562 1204 1666 1243 Cera
1707 1202 2093 1252 livescenti-flava‚

403 1276 506 1325 lata,
540 1278 718 1325 sinuata3
751 1294 866 1318 nares
889 1279 1077 1333 patulae,
1109 1279 1334 1333 oblongae,
1368 1277 1529 1318 concha
1554 1278 1725 1316 latente.
1783 1279 1944 1332 Lingua
1966 1279 2090 1329 fusca,

405 1351 523 1406 apice
567 1353 802 1394 subbiloba.
872 1355 1000 1394 Iricles
1041 1354 1193 1394 fulvae.
1272 1355 1661 1409 Perioplzthalmium
1703 1354 2089 1401 fusco-venosurn,

402 1427 780 1482 mai-ginatumque.
851 1430 1154 1483 Suggrunclz‘um
1191 1429 1459 1484 superciliare
1497 1427 1758 1483 prominens,
1802 1429 1978 1477 nudum,
2022 1431 2089 1469 fla-

400 1516 592 1552 vescens,
627 1503 814 1558 superius
845 1503 956 1543 linea
987 1515 1120 1544 setosa
1148 1505 1354 1559 usquead
1377 1515 1567 1559 tempora
1594 1505 1807 1558 perducta.
1865 1505 2088 1559 Palpebrae

400 1578 600 1634 plumulis
631 1578 759 1628 albis,
793 1578 979 1633 margine
1012 1580 1125 1620 fusco
1155 1581 1312 1627 nudae,
1343 1579 1453 1620 ciliis
1484 1579 1682 1619 externis.
1752 1581 1899 1620 Vertex
1929 1590 1970 1619 et
2000 1580 2089 1620 alae

400 1666 520 1694 extus
550 1653 704 1710 plumis
734 1655 1068 1709 gryseo-fuscis,
1102 1655 1220 1711 apice
1245 1655 1457 1696 exsoletis.
1517 1654 1704 1696 Cervicis
1727 1656 1827 1711 juba
1850 1655 2089 1709 fulvo-gry-

404 1745 486 1770 sea.
546 1732 703 1784 Corpus
732 1740 866 1769 totum
897 1730 1273 1784 fusco-nigricans,
1320 1730 1456 1769 lituris
1499 1730 1698 1770 obsoletis
1736 1730 1976 1784 griseisque
2007 1744 2089 1768 ma-

405 1806 610 1850 culatum,
656 1820 775 1858 supra
818 1803 1023 1843 immixtis
1065 1805 1218 1859 passim
1261 1805 1415 1860 plumis
1456 1804 1722 1858 nigrioribus.
1793 1805 1981 1857 Remigcs
2024 1812 2087 1845 26.

405 1894 580 1933 quarum
610 1877 794 1917 extimae
825 1893 896 1917 sex
925 1890 1112 1918 extremo
1144 1891 1402 1933 angustatae‚
1448 1878 1625 1934 septima
1657 1878 1729 1917 vix
1767 1879 1905 1933 api(e;
1949 1894 2089 1919 secun-

403 1953 612 1995 dariarum
642 1961 679 2002 4.
710 1952 887 1992 intimae
917 1968 968 1993 ex
999 1954 1087 2008 ipsa
1118 1956 1273 1994 flexura
1303 1953 1491 2003 humeri,
1536 1953 1652 2009 quasi
1689 1953 1851 2009 spuriae
1881 1965 1923 1993 et
1952 1954 2088 1994 subdi-

400 2029 591 2069 stinctae.
649 2030 754 2069 Alae
783 2034 943 2083 spuriae
975 2044 996 2068 e
1027 2030 1174 2084 pennis
1205 2040 1243 2080 4.
1275 2029 1512 2083 majoribus.
1571 2033 1736 2069 Pennae
1769 2029 1972 2069 volaticae
2003 2044 2087 2069 om-

402 2119 473 2144 nes
504 2103 775 2157 nigricantes,
816 2103 905 2143 basi
936 2105 1073 2145 fasciis
1104 2105 1439 2154 canescentibus,
1484 2105 1659 2145 interius
1691 2105 1869 2145 albidae.
1941 2105 2086 2145 Cauda

402 2179 683 2233 subaequalis3
731 2178 927 2219 rectrices
957 2181 1223 2222 extremitate
1254 2181 1418 2236 nigrae,
1457 2180 1545 2221 basi
1576 2180 1939 2228 cano-fasciatae,
1982 2179 2085 2219 inte-

402 2254 567 2309 riusque
599 2255 971 2305 albo-nebulosae,
1003 2256 1065 2296 uti
1095 2257 1284 2312 remiges.
1345 2257 1643 2306 Subcaudales,
1675 2255 1889 2310 tibiaeque
1918 2256 2002 2294 fere
2032 2253 2084 2292 ad

402 2329 559 2382 digitos
589 2329 788 2377 vestitae,
818 2331 986 2371 sordide
1017 2333 1316 2380 fulvesoentes,
1348 2333 1414 2373 vel
1448 2332 1625 2372 albidae.
1698 2333 1830 2385 Digiti
1861 2327 2083 2369 ex501etlus

406 2404 523 2451 flavi3
562 2405 745 2446 exterior
773 2406 886 2462 plica
914 2406 1010 2447 laxa
1040 2420 1271 2450 extrorsum
1302 2407 1522 2450 versatilis.
1598 2409 1761 2462 Ungues
1802 2402 1922 2458 nigri.
1992 2402 2082 2443 Plu-
