2196 2927
377 168 464 219 356
1144 177 1289 200 ξ

375 277 488 333 adigi
516 287 707 331 nequeat.
787 275 827 316 V
825 279 958 317 elatus·
988 274 1211 316 altissimus
1241 286 1283 315 et
1312 273 1549 325 diuturnus,
1593 277 1808 318 oculorum
1838 278 1946 320 acies
1977 291 2056 320 stu-

371 355 528 410 penda,
571 351 727 408 quippe
758 367 811 392 ex
849 350 1018 391 aethere
1047 351 1182 407 pisces
1212 350 1256 391 in
1286 351 1456 391 lacubus
1487 363 1528 392 et
1556 352 1794 394 fluminibus
1823 355 2056 409 speculatur

373 440 412 469 et
443 429 529 468 telo
559 443 685 483 ocyus
715 426 835 468 irruit
865 439 907 467 et
937 427 1058 483 rapit.
1119 428 1211 468 Vox
1241 426 1421 482 pipienS.
1479 429 1636 468 Niclum
1664 428 1708 469 in
1731 444 1910 478 summo,
1942 446 2055 485 prae-

373 504 516 545 sertim
547 505 676 544 fracto
706 503 895 543 excelsae
927 502 1083 543 arboris
1114 501 1353 549 cacumine,
1398 503 1492 544 loco
1522 504 1765 559 praesertim
1795 504 1958 560 aprico,
2003 505 2056 545 la-

371 581 500 621 cubus
529 579 690 628 vicino,
723 578 862 627 struit,
895 578 1186 633 quadripedali
1216 578 1421 618 diametro
1452 594 1473 618 e
1505 579 1628 620 ramis
1652 581 1842 620 arborum
1867 579 2058 620 fiilicum-

371 671 453 711 que
484 655 693 695 radicibus
724 665 989 702 contextum,
1027 669 1151 708 quem
1182 653 1361 694 fideliter
1390 655 1585 696 custodit.
1644 659 1735 695 Nee
1766 671 1950 710 unquam
1979 655 2060 695 nisi

371 730 415 771 in
446 731 628 771 exaridis
660 730 872 770 arboribus
900 728 1047 769 nidum
1077 728 1178 769 vidi.
1237 730 1329 769 Ova
1359 731 1464 776 duo,
1495 733 1622 770 rarius
1645 741 1785 778 terna,
1816 730 2059 785 gallinaceis

372 810 547 860 majora,
593 806 758 846 sordida
788 806 910 844 rubro
942 816 1064 858 atque
1095 803 1292 843 dilutiore
1323 815 1521 859 punctato
1547 806 1708 853 -varia,
1750 806 1960 846 obtusiore
1992 821 2063 846 an-

374 882 472 936 gulo
501 881 955 927 brunneo-maculosa,
997 881 1128 920 altero
1160 879 1317 919 vertice
1347 878 1475 919 etiam
1507 881 1602 920 albo
1630 892 1840 936 punctata.
1897 884 2060 936 Hyeme

372 971 396 997 e
426 955 742 997 mediterraneis
773 955 936 1010 migrat.

509 1032 658 1071 Nota.
717 1031 785 1070 Ab
815 1031 1002 1086 Aquilis,
1051 1029 1200 1086 quibus
1230 1031 1354 1084 vulgo
1385 1031 1676 1071 adnumeratur
1704 1042 1875 1086 propter
1904 1031 2060 1087 magni-

371 1105 584 1154 tudinem,
615 1105 766 1147 habitu
794 1119 834 1147 et
866 1106 1019 1163 plumis
1050 1106 1225 1147 cervicis
1256 1106 1487 1146 rotundatis
1519 1106 1677 1146 differt.
1735 1107 1913 1147 Pondere
1939 1121 2060 1162 saepe

374 1194 550 1238 quatuor
577 1182 704 1223 libras
733 1183 918 1224 excedit.
991 1181 1320 1222 Distinctissima
1349 1193 1392 1222 et
1421 1181 1546 1222 nimis
1575 1193 1673 1222 nota
1710 1183 1894 1237 species,
1935 1197 2061 1236 quarn

375 1272 481 1312 quae
512 1258 796 1313 descriptione
827 1269 970 1312 egeat,
1019 1257 1263 1313 praesertim
1293 1273 1387 1297 cum
1425 1256 1634 1296 coloribus
1665 1271 1754 1296 raro
1785 1257 1914 1296 ludat.
1975 1260 2061 1296 Ma-

377 1333 491 1374 xime
521 1333 653 1373 variat
683 1333 990 1388 magnitudine,
1023 1334 1120 1373 dum
1151 1331 1322 1387 quidam
1352 1347 1424 1372 sex
1455 1331 1675 1378 librarum,
1721 1331 1795 1371 alii
1825 1333 1958 1373 multo
1987 1332 2061 1372 mi-

375 1423 494 1448 nores
524 1420 754 1449 occurrant.
827 1411 931 1449 Cera
967 1408 1159 1448 omnibus
1196 1407 1506 1461 palpebraeque
1536 1406 1715 1455 lividae3
1758 1408 1886 1448 Irides
1916 1409 2058 1448 flavae.

377 1484 503 1524 Pedes
531 1484 689 1540 pallide
720 1484 1070 1532 coerulescentes,
1116 1497 1193 1523 nec
1232 1481 1323 1522 vidi
1359 1482 1475 1522 alios.
1546 1482 1843 1524 Robustissimi
1878 1481 1925 1522 hi
1955 1494 2061 1532 sunt,

376 1559 518 1613 digitis
546 1560 838 1614 perbrevibus,
869 1561 1009 1600 subtus
1039 1558 1274 1605 muricatis,
1306 1572 1480 1613 quorum
1511 1569 1726 1608 externus,
1772 1570 1916 1599 contra
1946 1572 2061 1613 regu-

377 1636 481 1682 lam,
522 1636 652 1675 ferme
683 1647 906 1676 retrorsum
944 1634 1171 1682 versatilis3
1218 1635 1351 1674 Placae
1398 1645 1539 1674 tamen
1581 1633 1846 1675 intercalares
1890 1633 2061 1674 omnino

377 1711 536 1759 nullae,
580 1714 769 1763 (tantum
812 1712 928 1751 abest
958 1727 979 1750 a
1009 1710 1118 1764 pede
1162 1710 1388 1764 palmato).
1458 1711 1696 1750 Intestinum
1736 1709 1958 1759 majoribus
1991 1723 2060 1748 no-

379 1786 649 1840 vempedale,
694 1785 945 1840 tripollicari
986 1785 1036 1824 ab
1081 1798 1158 1824 ano
1198 1783 1396 1823 distantia
1426 1784 1648 1824 dilatatum
1677 1784 1721 1824 in
1752 1784 1958 1831 sacculum
1990 1789 2058 1824 6⁹².

379 1860 563 1909 evalem,
597 1859 665 1899 cui
695 1876 815 1915 supra
843 1859 1027 1899 insident
1056 1872 1182 1898 coeca
1212 1859 1294 1897 duo
1325 1863 1394 1908 [β’.
1465 1860 1607 1912 Cyscis
1634 1858 1787 1898 bilaria
1815 1874 1937 1914 saepe
1968 1874 2059 1899 coa·

378 1935 522 1990 gulum
551 1935 864 1989 mucaginosum
894 1934 1101 1983 continet,
1132 1932 1335 1973 inclinata
1365 1948 1485 1988 supra
1515 1935 1706 1982 ductum,
1736 1934 1809 1989 qui
1838 1934 2059 1975 distinctus

380 2011 432 2050 ab
463 2008 661 2065 hepatico
692 2010 931 2066 capaciore,
973 2008 1181 2049 inseritur.
1207 2033 1260 2039 ——
1304 2008 1674 2066 lViZlughbejus
1721 2025 1939 2066 perperam
1981 2025 2060 2050 ova

382 2085 475 2137 alba
502 2085 649 2127 tribuit
660 2104 669 2135 3
702 2088 907 2128 Gmelinus
937 2083 1051 2125 enim
1079 2099 1203 2124 ovum
1233 2083 1277 2124 in
1307 2096 1437 2125 matre
1471 2084 1657 2133 invenit,
1688 2086 1809 2140 quale
1841 2084 2057 2141 descripsi.

717 2179 799 2224 29.
893 2163 1439 2210 ACCIPITER
1511 2166 1732 2209 ZWilvus.

514 2240 567 2280 A.
598 2239 729 2278 cauda
759 2237 1057 2293 subforcipata,
1089 2251 1261 2292 corpore
1290 2238 1568 2286 fuscescente,
1603 2236 1779 2278 iridibus
1807 2235 1989 2294 pallidis.

598 2314 751 2355 Milvus
781 2312 960 2368 vulgaris
990 2323 1213 2353 auctorum.

598 2389 755 2432 Milvus
783 2389 923 2447 niger,
950 2391 1106 2433 Bellon.
1133 2404 1198 2431 αυ.
1229 2406 1268 2445 p.
1292 2397 1379 2434 131.
1410 2390 1535 2432 Briss.
1567 2405 1649 2431 orn.
1664 2390 1697 2428 I.
1727 2404 1766 2444 p.
1786 2393 1877 2439 413.
1906 2401 1965 2442 sp.
1986 2394 2051 2439 34.
