2196 2927
434 217 518 247 100
1190 213 1335 236 Ξ

427 330 518 357 rum
546 316 664 357 illam
692 312 835 369 generi
864 309 1156 369 approximant
1184 311 1337 366 magis,
1387 325 1512 367 quam
1541 312 1704 351 Lutrae.
1776 312 1830 351 Et
1858 310 1968 351 inter
1998 310 2102 353 Pho—

427 406 494 432 cas
523 390 649 431 etiam
678 389 902 443 quaedam,
946 403 985 429 v.
1016 401 1074 442 gr.
1104 386 1261 437 ursina,
1307 401 1412 441 quae
1448 385 1640 442 proxime
1671 386 1723 426 ad
1752 386 1897 426 Lutrin
1927 387 2100 437 accedit,

425 464 606 523 posticos
634 464 763 520 pedes
791 462 1021 504 habitiores
1051 473 1093 503 et
1122 461 1252 517 magis
1281 461 1518 502 insistentes
1547 461 1724 510 habent,
1760 471 1806 500 ut
1833 460 2101 502 intervallum

426 554 510 582 non
539 538 599 580 ita
628 553 824 594 magnum
853 537 1054 579 videatur.
1120 541 1167 577 In
1198 536 1315 577 Lutri
1344 551 1443 577 vero
1472 536 1601 577 etiam
1631 535 1859 591 digitorum
1886 536 2102 591 proportio

423 614 468 656 in
508 613 662 671 plantis
708 624 751 654 et
790 613 989 668 unguium
1031 612 1157 662 situs,
1202 628 1224 652 a
1266 611 1500 653 Phocarum
1541 623 1744 653 structura
1786 610 1920 651 minus
1962 611 2101 651 distat.

424 691 520 731 Sola
558 688 724 730 velleris
760 688 983 730 nobilitate
1019 687 1094 729 illa
1135 687 1293 729 eminet
1333 699 1376 730 et
1416 699 1557 729 tamen
1600 686 1763 731 Castori
1804 686 1936 742 magis
1978 701 2103 742 quam

425 768 574 806 Lutrae
604 763 752 806 similis
782 775 856 806 est.

817 923 903 977 34.
1002 916 1324 963 PHOCA
1413 918 1708 962 Latris.

559 1042 603 1079 P.
647 1038 894 1090 auriculam,
937 1037 1113 1095 pedibus
1155 1038 1328 1094 posticis
1376 1037 1589 1093 gressoriis
1631 1037 1845 1093 palmatis,
1909 1036 2100 1079 omnibus

422 1113 713 1169 unguiculatis.

641 1218 821 1258 Mustela
850 1216 1007 1268 Lutris,
1046 1219 1134 1258 Lin.
1164 1227 1268 1271 ςγδι.
1297 1218 1392 1257 ΧΠ.
1421 1218 1455 1257 Ι.
1485 1233 1525 1273 p.
1556 1210 1621 1284 66.
1651 1232 1712 1271 sp.
1749 1234 1781 1255 1.

641 1322 766 1359 Lutra
809 1318 988 1369 marina,
1031 1320 1190 1360 Schreb.
1233 1323 1442 1361 mammal.
1480 1321 1555 1358 ΙΙΙ.
1599 1336 1639 1374 ρ.
1676 1325 1770 1368 465.
1814 1318 1897 1360 tab.
1948 1324 2034 1361 128.
2065 1323 2098 1358 ³.

695 1395 848 1436 Steller.
878 1395 983 1435 Nov.
1012 1395 1125 1436 Com.
1155 1395 1315 1450 Petrop.
1344 1396 1398 1435 II.
1427 1412 1467 1450 p.
1498 1401 1589 1447 367.
1627 1394 1711 1434 tab.
1744 1400 1809 1435 26.

641 1497 871 1537 Sea-otter
910 1498 1030 1538 Penn.
1075 1499 1213 1538 histor.
1254 1501 1335 1539 vol.
1365 1499 1420 1538 II.
1463 1502 1554 1538 icon
1596 1513 1692 1553 pag.
1723 1503 1815 1539 356.
1859 1503 1951 1539 565.
1979 1498 2097 1539 Zool.

696 1582 797 1612 arce.
825 1574 859 1611 Ι.
890 1589 929 1626 p.
961 1579 1026 1612 88.
1057 1588 1094 1613 η.
1127 1579 1192 1613 36.
1223 1574 1348 1614 Cook.
1378 1578 1423 1613 it.
1452 1584 1541 1614 tert.
1572 1574 1688 1624 (Icon
1717 1574 1905 1627 optima.)

531 1673 703 1716 Rossice
732 1675 842 1715 Bobr
871 1676 1044 1715 morskoi
1082 1675 1248 1727 (Castor
1277 1675 1499 1729 marinus),
1543 1687 1586 1716 et
1613 1677 1941 1717 Kamtschatskoi
1971 1673 2095 1725 Bobr3

587 1751 798 1806 quondam
827 1749 1053 1791 Coraecico
1082 1749 1251 1791 nomine
1280 1751 1428 1791 Καῑὰη.
1485 1750 1629 1792 Junior
1655 1752 1871 1792 Koschlok.

534 1852 729 1896 Coraecis
757 1854 933 1894 Kcilaha.

531 1955 862 1999 Camtschadalis
890 1958 1126 2005 Keikotsch5
1155 1957 1484 2000 occidentalibus
1514 1954 1668 1999 Rakkan.

532 2059 685 2103 Curilis
715 2071 757 2101 et
785 2060 1082 2117 Japonensibus
1110 2063 1244 2104 Khz‘ku
1281 2072 1323 2102 et
1351 2063 1504 2103 Rakko.

557 2188 855 2243 Copiosissima
893 2189 938 2230 in
975 2204 1132 2232 oceano
1163 2190 1376 2241 orientali,
1419 2190 1529 2231 inter
1557 2190 1893 2232 Camtschatcam
1925 2201 1968 2231 et
2005 2203 2098 2230 con—

424 2262 628 2304 tinentem
656 2263 896 2313 Americae,
941 2265 1052 2306 inter
1080 2268 1226 2322 gradus
1264 2266 1497 2308 latitudinis
1526 2266 1704 2308 borealis
1733 2269 1906 2307 XLVfflm
1942 2276 1984 2306 et
2013 2266 2096 2305 Fere

425 2338 747 2392 sexagesimum,
804 2340 1031 2380 secundum
1079 2341 1221 2382 littora
1270 2342 1492 2383 Americae
1536 2354 1674 2383 autern
1727 2343 1831 2382 forte
1873 2340 2005 2394 magis
2049 2341 2100 2380 ad

427 2421 606 2452 austrum
649 2412 843 2454 excurrit.
914 2413 1069 2470 Migrat
1105 2431 1180 2469 per
1215 2416 1368 2458 insulas
1396 2417 1505 2458 inter
1535 2415 1869 2461 Camtschatcam
1902 2425 1944 2455 et
1973 2418 2096 2456 Ame-
