2196 2927
348 194 459 235 447'
1120 193 1265 215 Ξ

583 314 703 356 113.
795 309 844 352 M
873 308 912 351 O
943 306 986 349 T
1019 307 1054 350 A
1087 304 1236 350 CIL
1265 306 1299 348 L
1330 305 1369 347 A
1443 299 1806 367 Sfrapszzinst(

490 382 549 420 M.
579 395 699 435 supra
728 379 1166 424 cinereo—rufescenS,
1197 378 1336 416 subtus
1367 374 1756 423 latescente-alba,
1787 372 1912 412 fascia
1941 388 2033 413 ocu—

353 454 430 495 lari
459 454 600 509 nigra,
641 457 777 496 fronte
807 454 978 509 basique
1008 454 1163 493 caudae
1196 452 1314 492 albis.

572 529 795 571 Oenanthe
825 529 951 569 altera
981 540 1023 568 et
1053 527 1290 582 Strapazina
1319 525 1602 575 Aldrovandi,
1640 525 1857 579 Wzllughb.
1890 526 2032 564 ornitlz.

628 621 725 659 pag.
762 611 847 645 168.
878 606 967 660 Raj.
999 621 1064 644 αυ.
1095 621 1134 659 p.
1166 610 1231 644 30.

571 679 796 721 oenanthe
827 679 1031 725 foemina,
1060 679 1199 718 Albin.
1231 694 1294 717 av.
1327 679 1400 717 ΙΙΙ.
1437 677 1519 717 tab.
1553 684 1617 726 54.

575 753 798 795 Oenanthe
828 755 1055 801 rufescens,
1086 754 1300 793 Edwards.
1332 769 1396 792 av.
1426 755 1458 792 Ι.
1489 753 1572 792 tab.
1611 760 1675 793 31.

570 830 765 869 Vitissora
794 830 1003 868 rufescens
1033 839 1074 867 et
1103 829 1211 874 rufa,
1241 829 1421 868 Brisson.
1454 844 1537 867 orn.
1568 830 1642 866 III.
1675 843 1713 881 p.
1746 833 1839 879 457.
1872 826 1955 866 tab.
1977 834 2038 867 25.

620 907 704 960 fig.
736 914 775 954 4.
806 915 848 943 et
878 920 974 959 pag.
1006 911 1098 954 459.
1129 919 1189 955 sp.
1222 910 1286 954 37.

574 983 632 1020 Le
663 980 867 1020 Culblanc
898 979 1000 1033 griS‚
1032 980 1194 1032 Buffon.
1226 994 1309 1018 orn.
1342 979 1389 1017 V.
1428 995 1466 1033 p.
1499 986 1589 1027 244.

573 1058 723 1094 Russet
753 1053 1004 1101 Wheatear,
1035 1056 1222 1095 Latham.
1254 1070 1346 1108 syn.
1374 1055 1446 1093 IV.
1475 1069 1515 1108 p.
1546 1059 1638 1102 468.
1670 1067 1707 1091 η.
1738 1058 1804 1104 75.

464 1129 604 1170 Rossis
636 1129 804 1170 nomine
835 1129 1136 1184 praecedentis.

493 1229 616 1268 Adeo
647 1226 794 1266 similis
824 1225 1094 1282 praecedenti
1133 1226 1335 1274 moribus,
1379 1240 1503 1271 voce,
1547 1223 1823 1280 dispositione
1855 1224 2041 1264 colorum

357 1313 400 1342 et
428 1313 515 1342 tota
544 1303 671 1351 facie,
703 1313 745 1341 et
773 1302 926 1356 ubique
957 1316 1050 1340 cum
1081 1302 1250 1347 eadem,
1282 1300 1465 1339 maxime
1493 1299 1537 1339 in
1568 1299 1772 1345 Dauuria,
1819 1300 1925 1338 adeo
1955 1299 2042 1338 vul-

360 1377 486 1432 garis,
533 1388 578 1416 ut
609 1391 728 1431 aegre
759 1377 846 1416 sine
877 1375 1187 1431 comparatione
1224 1375 1521 1429 distinguatur,
1566 1374 1812 1429 praesertim
1851 1389 1945 1413 eum
1976 1389 2042 1413 co-

358 1452 447 1491 lore
478 1450 607 1506 magis
637 1451 825 1491 minusve
861 1450 1145 1490 cinerascente
1188 1449 1343 1496 variet,
1386 1461 1427 1489 et
1472 1449 1652 1489 Feminae
1696 1448 1909 1503 utriusque
1955 1463 2043 1503 spe-

361 1526 443 1566 ciei
476 1543 497 1566 a
528 1526 710 1566 maribus
740 1526 821 1566 suis
853 1525 987 1565 adhuc
1017 1525 1146 1580 magis
1162 1526 1378 1572 recedant,
1408 1540 1532 1580 quam
1552 1539 1683 1564 mares
1698 1524 1808 1564 inter
1835 1539 1892 1564 se.
1943 1524 2049 1565 Cum

360 1600 633 1656 praecedenti
663 1601 750 1641 abit
781 1602 832 1640 ad
863 1611 1044 1640 austrum
1075 1600 1267 1641 Octobri.

495 1713 646 1753 Nota.
719 1713 884 1753 Femina
914 1728 936 1751 a
967 1727 1078 1752 mare
1124 1711 1267 1752 differt
1307 1713 1456 1752 fasciae
1487 1712 1664 1752 ocularis
1693 1711 1835 1766 nigrae
1866 1713 2044 1758 defectu,

360 1786 451 1827 loro
480 1786 618 1842 potius
649 1787 810 1834 albido,
840 1798 1055 1841 tractuque
1080 1786 1339 1841 supraciliari
1363 1800 1490 1840 usque
1517 1787 1566 1826 ad
1583 1798 1770 1841 tempora
1788 1797 1972 1826 extenso.
1994 1812 2049 1818 -—

362 1861 470 1899 Gula
497 1871 585 1900 tota
616 1861 731 1915 nigra
762 1876 915 1907 mares,
957 1861 1122 1915 qualem
1153 1866 1326 1916 optimus
1368 1861 1621 1902 Edwards
1651 1861 1903 1911 delineavit,
1948 1877 2047 1901 nun-

362 1948 487 1988 quam
518 1935 621 1975 vidi.
693 1936 1016 1976 Aldrovandi
1058 1946 1099 1975 et
1136 1938 1390 1976 Brissonii
1420 1936 1575 1990 duplex
1607 1952 1760 1976 nomen
1790 1948 1951 1976 tantum
1981 1952 2048 1976 va—

363 2010 580 2051 rietatibus
611 2010 778 2058 deberi,
820 2010 892 2050 vix
923 2010 1083 2050 dubito.
1155 2014 1305 2065 Neque
1346 2010 1461 2051 enim
1503 2011 1547 2050 in
1591 2014 1754 2066 Europa
1795 2012 1955 2066 reliqua
2000 2012 2051 2051 ab

365 2086 590 2142 aucupibus
620 2087 757 2141 plures
786 2086 943 2126 duabus
973 2085 1188 2140 speciebus
1219 2085 1552 2140 distinguuntur,
1592 2101 1730 2141 neque
1761 2087 1933 2142 Belgae,
1977 2085 2050 2126 ubi

365 2161 547 2202 maxime
592 2163 802 2202 abundant
844 2161 924 2202 hae
969 2177 1088 2211 aves,
1132 2162 1270 2217 plures
1311 2172 1475 2202 norunt.
1545 2161 1733 2202 Juniores
1771 2174 1812 2202 et
1844 2161 1964 2213 hujus
2009 2171 2050 2201 et

364 2236 656 2290 praecedentis
686 2236 844 2291 speciei
874 2238 1128 2292 respondent
1157 2236 1452 2292 descriptioni,
1491 2252 1614 2291 quam
1642 2239 1949 2278 Brissonz'us
1977 2250 2051 2291 pro

367 2309 547 2351 vitissora
577 2326 722 2366 grysea
754 2314 857 2363 (orn.
888 2314 964 2351 III.
996 2329 1034 2366 p.
1065 2319 1157 2362 452.
1188 2329 1249 2367 sp.
1281 2316 1367 2366 34.)
1398 2311 1558 2368 posuit,
1597 2311 1756 2353 cinerei
1786 2327 1932 2367 gryseo
1961 2321 2047 2364 gut-

367 2383 472 2430 tati,
501 2400 524 2424 e
553 2387 682 2427 cauda
712 2386 835 2427 facile
867 2387 1162 2442 dignoscendi,
1208 2387 1280 2442 qui
1310 2399 1403 2443 post
1434 2387 1619 2428 medium
1647 2388 1760 2428 Junii
1789 2386 1954 2441 copiose
1983 2399 2051 2424 vo—
