2196 2927
1165 205 1310 219 m

1167 221 1310 229 -—-—-

399 204 489 251 416

530 310 702 348 Descr.
759 305 1005 360 Magnitudo
1041 303 1187 344 Turdi.
1255 304 1448 344 Rostrum
1482 315 1529 343 ut
1563 302 1608 343 in
1642 305 1687 344 P.
1718 305 1850 344 Cissa.
1923 306 2083 357 Lingua

395 383 582 431 brevior,
613 397 739 438 quam
768 380 1092 436 congeneribus,
1124 379 1242 436 apice
1271 394 1444 430 corneo,
1488 379 1682 435 utrinque
1714 391 1934 420 retrorsum
1963 379 2077 420 cilia-

393 471 457 509 to,
491 459 681 515 ancipiti.
753 459 881 499 Irides
910 457 1220 498 rutilo-fuscae.
1290 458 1425 498 Pileus
1460 456 1629 496 verticis
1671 456 1716 496 in
1761 472 1869 497 mare
1913 454 2080 495 flavissi-

392 551 482 576 mus
511 536 743 582 inauratu53
786 534 831 574 in
851 536 1036 587 foemina
1066 533 1436 589 argenteo-albus,
1481 532 1764 574 incanescens.
1836 534 1995 572 Ductus
2026 531 2084 570 al-

390 613 465 652 bus
496 611 710 666 (utrinque
741 612 791 650 ab
821 610 944 650 oculo
974 613 1104 662 ortus)
1145 607 1189 648 in
1232 608 1395 649 cervice
1439 611 1714 657 coadunatus,
1755 609 1855 649 inde
1898 607 2078 663 simplex

390 703 465 744 per
493 699 628 728 toturn
659 689 848 732 dorsum,
891 699 1018 739 usque
1058 685 1110 724 ad
1152 684 1402 740 uropygium
1431 685 1769 740 longitudinalis3
1814 689 1919 726 alius
1949 682 2077 723 utrin-

389 779 470 818 que
501 780 523 803 a
552 774 684 804 rostro
715 763 767 802 ad
797 760 993 801 humeros
1022 759 1356 815 longitudinalis.
1424 762 1572 802 Subtus
1603 761 1689 802 avis
1720 761 1833 811 alba,
1878 758 2078 800 lateribus

390 838 708 893 nigro-striatis.
782 837 928 877 Cauda
967 835 1205 876 evidentius
1235 835 1460 877 duodecim
1500 836 1668 892 pennis3
1710 842 1894 877 rectrices
1925 843 1962 877 6.
1994 849 2077 875 me-

389 913 484 954 diae
515 914 674 968 nigrae,
719 913 911 953 laterales
942 911 1338 960 albo-maculatae3
1381 915 1424 952 in
1466 911 1624 952 femina
1663 911 1741 952 hae
1774 912 1913 961 albae,
1957 910 2077 965 nigro

387 989 633 1029 maculatae.
691 991 880 1042 Remiges
911 1004 975 1026 21·
1019 985 1220 1041 primores
1264 989 1315 1027 ad
1363 995 1420 1029 15.
1462 988 1613 1027 areolis
1656 987 1760 1027 albis
1805 989 1855 1028 ab
1901 998 2076 1040 utroque

388 1063 574 1118 margine
605 1064 770 1104 insertis
800 1062 1061 1119 pectinatae,
1099 1080 1157 1116 ¹7·
1190 1064 1242 1103 ad
1274 1080 1337 1103 21.
1369 1064 1507 1104 areola
1539 1062 1668 1119 apicis
1699 1062 1943 1104 cordiformi
1967 1062 2072 1110 alba,

387 1154 493 1195 quae
525 1151 567 1179 et
596 1139 639 1180 in
672 1148 693 1181 3
711 1165 723 1170 -
748 1147 805 1181 13.
835 1139 1161 1194 teotricibusque
1203 1150 1380 1180 notatur.
1451 1140 1605 1180 Pedum
1634 1139 1952 1193 tridactylorum
1982 1151 2074 1192 pro-

386 1215 476 1271 prie
507 1217 624 1256 deest
653 1215 808 1270 digitus
850 1215 1060 1270 posticus,
1104 1216 1331 1254 secundum
1368 1215 1558 1256 omnium
1591 1214 1731 1254 avium
1762 1229 1949 1254 normam
1987 1210 2075 1251 uni-

387 1290 647 1339 articulatum
679 1302 883 1346 superstes
900 1290 1056 1344 digitus
1084 1288 1155 1329 vix
1181 1289 1400 1329 evidenter
1428 1289 1647 1337 robustior,
1680 1305 1804 1344 quam
1826 1288 1869 1328 in
1894 1287 1985 1327 aliis
2009 1285 2071 1326 Pi-

385 1366 461 1407 cis.
520 1367 741 1408 Caeterum
772 1365 875 1405 mira
905 1364 1010 1405 haec
1040 1376 1210 1404 naturae
1242 1365 1461 1405 aberratio.
1489 1391 1546 1396 —
1586 1366 1750 1404 Pondus
1792 1364 1917 1418 vulgo
1950 1380 1970 1402 2
2002 1378 2071 1401 un-

386 1441 566 1489 ciarum,
609 1457 705 1482 cum
750 1460 781 1481 1.
821 1459 841 1480 2
881 1441 947 1480 vel
986 1439 1248 1494 sesquitertia
1279 1438 1504 1480 drachmis.
1575 1443 1712 1481 Mares
1742 1437 2072 1495 ponderosiores.

386 1519 640 1558 Ventriculus
667 1517 980 1572 panniculosus‚
1024 1517 1135 1556 mole
1167 1516 1432 1571 amygdalae,
1479 1516 1605 1557 cossis
1651 1516 1719 1556 vel
1751 1513 2073 1570 Chrysalidibus

384 1591 719 1633 Ichneumonurn
750 1604 873 1648 atque
904 1591 1172 1632 formicarum
1201 1592 1366 1632 farctus.
1425 1595 1663 1633 Intestinum
1693 1590 1876 1647 amplum
1906 1607 1948 1629 12
1966 1589 2069 1645 poll.

383 1669 568 1725 longum.
627 1670 762 1709 coeca
793 1669 927 1718 nulla,
972 1669 1045 1708 sed
1074 1678 1232 1708 rectum
1264 1668 1522 1723 ampliatum.
1582 1670 1723 1723 Cystis
1752 1667 1796 1707 in
1827 1665 1980 1721 hepate
2010 1663 2070 1704 bi-

384 1744 483 1784 lobo
512 1745 640 1785 nulla.
698 1746 881 1784 Sceleron
910 1755 956 1783 ut
982 1743 1028 1783 in
1058 1743 1166 1783 Picis
1196 1743 1342 1791 variis,
1372 1743 1686 1799 cartilaginibus
1716 1741 1868 1782 lunatis
1894 1742 1943 1780 ad
1973 1750 2067 1779 ster-

385 1818 429 1858 ni
458 1820 689 1873 marginem
718 1819 1031 1859 abdominalem
1059 1819 1322 1858 instructum.

886 1899 969 1954 69.
1064 1898 1098 1939 P
1130 1899 1147 1939 Ι
1178 1896 1216 1941 C
1245 1898 1286 1940 U
1314 1898 1342 1939 S
1409 1898 1571 1955 Jynae.

520 1972 563 2010 P.
595 1970 727 2009 cauda
757 1967 878 2008 molli
907 1968 1193 2023 integerrima,
1225 1983 1398 2024 corpore
1430 1984 1648 2009 araneoso·
1666 1968 1889 2023 variegato.

600 2048 711 2100 ,lynx
742 2060 772 2085 s.
803 2044 1024 2100 Torquilla
1052 2046 1303 2093 Aue—torum,
1342 2045 1560 2100 Wlluglzb.
1591 2062 1675 2087 orn.
1706 2062 1745 2101 p.
1779 2052 1843 2096 95.
1886 2044 1970 2084 tab.
2002 2059 2065 2082 22.

654 2122 745 2178 Raj.
775 2137 867 2175 syn.
899 2137 964 2161 av.
1006 2136 1104 2177 pag.
1133 2128 1199 2171 44.
1243 2121 1382 2161 Albin.
1413 2137 1478 2162 av.
1509 2124 1542 2162 Ι.
1589 2122 1673 2163 tab.
1707 2139 1770 2161 21.
1815 2121 1967 2161 Frisch.
1997 2134 2062 2160 av.

655 2198 738 2238 tab.
771 2204 837 2239 38.

599 2273 782 2317 Cuculus
812 2274 1057 2328 subgryseus
1085 2273 1332 2322 maculatus,
1372 2272 1617 2314 rectricibus
1648 2272 1797 2328 nigris,
1830 2270 1965 2312 fasciis
1992 2283 2062 2309 un-

658 2348 832 2399 dumis,
863 2351 950 2390 Lin.
983 2350 1110 2389 Faun.
1140 2365 1245 2390 suec.
1276 2350 1338 2390 ed.
1368 2351 1400 2389 I.
1433 2366 1470 2389 n.
1502 2356 1566 2403 78.
1604 2350 1686 2390 tab.
1725 2368 1757 2388 1.
1777 2350 1856 2403 fig.
1887 2352 1951 2401 78.

603 2424 723 2465 Picus
751 2424 990 2480 Torquilla,
1020 2426 1149 2467 Klein.
1180 2425 1316 2481 prodr.
1347 2442 1412 2467 av.
1450 2442 1489 2481 p.
1523 2432 1586 2466 28.
1617 2441 1676 2481 sp.
1715 2433 1773 2474 14.
