2196 2927
882 212 1025 236 Ξ
1697 213 1781 252 129

223 314 396 361 Rossice
430 315 742 369 Wuychucholh
782 310 956 352 Ueranis
990 309 1197 365 Morslzaja
1243 313 1386 364 mysch
1427 314 1541 365 (mus
1579 309 1785 363 marinus)

277 391 345 430 vel
374 392 598 435 Chochula3
631 389 682 427 ad
709 385 869 426 Tanain
898 385 1076 425 Chochol
1105 394 1149 422 et
1176 385 1370 426 Chochut.

220 475 380 515 Tataris
421 471 722 514 casaniensibus
762 470 1017 524 Sudgephre;
1058 467 1294 508 Baschkiris
1334 472 1530 524 Kuschyl.
1581 469 1778 513 Bocharis

274 549 514 600 Sti-dapar.
580 545 813 587 Calmuccis
841 544 1231 596 Saartu-cholgonh
1260 544 1477 595 (odoratus
1506 549 1635 598 mus).

245 643 447 697 Gigantea
475 642 518 681 in
547 656 618 681 suo
648 655 797 697 genere
827 639 1004 694 species,
1036 637 1230 678 Rossicae
1261 642 1423 679 Faunae
1452 650 1496 679 ut
1525 640 1688 680 videtur
1709 655 1777 696 pe-

112 717 296 766 culiaris,
341 733 363 756 a
398 732 464 756 me
502 716 682 771 primum
711 717 762 755 ad
792 730 918 770 genus
947 730 1064 755 suum
1105 714 1290 754 naturale
1332 714 1461 754 relata
1503 718 1607 767 (itin.
1635 719 1714 755 vol.
1744 718 1777 754 Ι.

109 807 204 844 pag.
243 794 347 843 156.)
377 790 710 845 frequentissima
738 790 782 830 in
813 789 1054 830 australibus
1084 789 1215 829 amnis
1242 790 1401 844 Volgae
1431 800 1473 828 et
1501 788 1779 829 incidentium

106 864 150 904 in
178 864 296 904 illam
325 865 562 914 fluviorum,
594 881 720 920 usque
752 866 803 905 ad
834 866 1011 911 Oetam,
1040 875 1083 903 et
1112 867 1303 910 Kamani,
1346 864 1471 918 inque
1500 865 1668 904 lacubus
1711 864 1779 903 ad-

107 939 357 993 jacentibus3
388 951 433 980 ut
461 951 503 980 et
531 940 575 980 in
604 943 735 980 Tana'i'
764 941 802 979 fl.
843 938 961 979 Alibi
991 940 1176 978 nondum
1205 939 1439 988 observata,
1483 939 1708 994 nequidem
1735 938 1779 978 in

108 1012 306 1067 Rhymno
335 1030 446 1055 mare
476 1014 661 1070 caspium
690 1016 886 1063 adeunte,
930 1027 1006 1053 nec
1043 1013 1149 1052 circa
1180 1012 1317 1067 ipsum
1344 1012 1466 1053 illum
1510 1014 1658 1054 lacum.
1731 1017 1778 1052 In

106 1086 354 1128 Buchariam
377 1104 594 1130 excurrere
610 1089 791 1144 speciem
822 1091 858 1128 F
864 1091 947 1129 alk
975 1087 1174 1143 prodidit.
1232 1087 1581 1143 Monographiam
1596 1088 1640 1128 in
1657 1089 1778 1129 Com-

106 1162 318 1201 mentariis
346 1163 601 1203 Academiae
638 1163 970 1217 Petropolitanae
1013 1162 1072 1201 ita
1110 1163 1340 1202 absolutam
1382 1162 1499 1212 dedi,
1551 1178 1645 1204 cum
1687 1178 1777 1203 ana-

106 1246 218 1276 tome
249 1247 290 1275 et
318 1236 528 1287 iconibus,
558 1248 602 1276 ut
630 1236 740 1276 nihil
769 1236 823 1275 sit
851 1237 1102 1276 addendum.

238 1360 385 1400 Nota.
423 1379 454 1400 1.
511 1360 754 1415 Peregrinus
785 1363 877 1400 Mus
907 1361 1078 1400 odorata
1108 1359 1336 1400 celebratus
1365 1359 1584 1415 pellicula,
1614 1361 1665 1400 de
1698 1375 1780 1415 quo

105 1434 450 1488 Hieronymus
478 1437 533 1475 ad
562 1437 878 1484 Demetriadem,
919 1449 1125 1490 quemque
1168 1434 1431 1489 antiquorum
1474 1435 1626 1490 aliqui,
1670 1435 1779 1475 inter

105 1507 207 1547 alios
236 1510 482 1550 Gesnerus
529 1511 596 1563 (de
625 1511 822 1564 quadrup.
854 1527 892 1565 p.
925 1517 1015 1561 697.
1047 1520 1089 1548 et
1117 1513 1228 1561 732.)
1272 1511 1323 1549 ad
1364 1508 1587 1549 Moschum
1628 1511 1780 1550 referre

104 1582 343 1631 voluerunt,
392 1595 503 1623 certe
534 1586 585 1624 de
620 1584 759 1624 Soriee
788 1582 1003 1623 mosellato
1033 1594 1094 1622 est
1122 1582 1442 1636 intelligendus,
1484 1597 1607 1636 quem
1636 1584 1780 1623 Hiero-

107 1656 223 1710 nymi
251 1658 506 1712 temporibus
533 1674 555 1697 a
576 1657 758 1698 barbaris
783 1657 1082 1697 borealioribus
1109 1656 1296 1711 accipere
1326 1668 1536 1711 poterant:
1566 1658 1624 1698 sic
1652 1658 1780 1699 etiam

104 1731 269 1772 Bilchos
297 1747 426 1771 mures
456 1731 737 1786 (pellitoribus
767 1730 972 1785 germanis
994 1733 1200 1771 Bilchmus
1222 1730 1374 1783 dictos)
1405 1733 1657 1773 Gesnerus
1683 1732 1780 1772 scri-

104 1806 168 1847 bit
199 1809 256 1860 (p.
287 1809 398 1858 737.)
429 1821 450 1846 e
484 1806 652 1848 Croatia
684 1816 725 1846 et
754 1805 990 1860 regionibus
1019 1805 1129 1845 circa
1154 1805 1375 1845 Venetiam
1405 1806 1536 1855 mitti,
1567 1817 1607 1845 et
1632 1808 1778 1861 pelles,

108 1895 206 1935 quas
234 1880 360 1930 vidit,
393 1881 498 1922 dicit
526 1880 649 1922 fuisse
679 1881 816 1922 colore
844 1881 979 1929 fusco,
1022 1894 1075 1920 ex
1105 1880 1270 1920 cinereo
1299 1880 1406 1930 fere,
1450 1881 1653 1935 peculiari
1682 1896 1781 1935 quo-

107 1955 203 1994 dam
231 1957 377 2006 odore,
424 1957 532 1997 unde
561 1955 692 2011 capiti
721 1956 891 2011 quidam
918 1970 1068 1996 nocere
1097 1966 1256 2011 putent.
1326 1958 1512 2010 Apparet
1554 1956 1654 1996 hinc
1695 1971 1780 1997 non

108 2028 295 2078 Citillos,
347 2031 418 2070 sed
448 2031 631 2071 Soricem
661 2030 920 2071 moechatum
949 2031 1091 2079 fuisse,
1135 2033 1247 2083 cujus
1285 2031 1528 2071 Gesnerus
1555 2030 1664 2070 vidit
1692 2031 1777 2085 pel-

107 2103 180 2142 les.
239 2105 319 2144 Sed
348 2120 498 2145 nomen
527 2107 634 2146 male
665 2106 919 2161 applicatum
946 2105 1197 2160 putaverim3
1235 2106 1385 2145 lelich
1413 2104 1524 2144 enim
1555 2107 1778 2146 Germano-

108 2193 198 2218 rum
227 2189 289 2218 est
316 2180 402 2220 Glts
432 2183 723 2220 Romanorum.

242 2308 388 2349 Nota.
423 2324 457 2347 2.
515 2311 603 2347 Jam
641 2308 822 2349 celeberr.
865 2308 1025 2348 Mekel
1067 2306 1211 2348 docuit
1251 2305 1466 2362 amphibia
1508 2309 1775 2363 quadrupeda

108 2395 186 2436 ope
216 2381 380 2424 sinuum
408 2398 655 2425 venosorum
683 2383 977 2435 maximorum,
1010 2383 1054 2424 in
1083 2383 1231 2439 quibus
1261 2383 1441 2439 sangui5‚
1473 2383 1677 2440 impedito
1700 2399 1773 2440 per

1359 2477 1403 2515 17
