2196 2927
366 168 454 209 260
1128 174 1272 198 ==·-··..-.

362 274 623 320 admissarios
653 275 738 315 dux
768 272 903 327 gregis
932 286 1069 313 morsu
1097 272 1240 328 pellit,
1286 284 1328 313 et
1368 288 1494 329 equas
1537 272 1757 330 Zelotypia
1787 291 1945 316 summa
1974 289 2035 315 cu>

363 353 504 394 stodit.
576 349 768 390 Flumina
809 363 956 403 magna
999 349 1066 388 vel
1109 348 1369 404 Bosphorum
1412 360 1621 390 tranantes
1664 365 1806 406 greges
1857 351 2042 391 conferto

364 428 529 483 agmine
564 428 769 471 feruntur,
813 424 1063 481 posteriores
1093 424 1230 481 capita
1272 425 1617 481 praecedentium
1647 426 1799 466 lumbis
1827 426 2042 481 imponen-

363 515 439 544 tes.
510 504 579 543 Ad
608 503 719 552 loca,
764 501 835 542 ubi
864 501 952 541 nati
982 512 1073 541 sunt
1103 500 1221 556 equi,
1265 500 1509 556 longissimo
1552 517 1671 543 cursu
1701 502 1836 543 redire
1869 501 2044 545 callent,

364 579 467 620 licet
496 579 638 634 ignota
669 578 755 627 via,
788 577 894 618 miro
923 576 1138 617 instinctu.

1584 669 1685 694 onae
1718 665 1760 694 et
1791 651 2043 707 Mongoliae,

1582 686 1605 710 t>

365 747 387 770 a
416 728 677 785 Borysthene
701 744 827 783 usque
852 730 904 768 ad
927 728 1139 767 Alta'i‘cum
1160 731 1321 782 jugum,
1353 744 1508 784 perque
1531 741 1661 771 totam
1689 729 1872 770 mediam
1888 727 2045 772 Asiam,

501 658 543 700 β.
573 656 803 710 quciferi
845 652 889 692 in
934 652 1105 693 desertis
1134 651 1261 692 totius
1290 653 1483 694 Tatariae
1513 670 1578 694 nia

364 804 627 846 Nomadibus
663 815 825 843 tantum
868 804 1154 858 frequentem,
1196 802 1332 858 parvis
1363 805 1553 859 gregibus
1598 809 1707 858 (raro
1753 807 1804 846 ad
1847 803 2047 859 quinqua-

363 881 501 936 ginta)
535 890 746 934 vagantur.
804 878 997 934 Plerique
1029 891 1123 918 sunt
1145 883 1276 920 colore
1300 895 1477 935 gryseo-
1494 882 1607 921 fusco
1632 882 1698 921 vel
1722 880 1905 936 pallido,
1936 879 2043 932 juba,

365 957 456 997 loro
487 955 619 1004 dorsi,
651 956 864 1009 caudaque
895 954 1039 1003 fuscis,
1070 966 1202 995 rostro
1233 955 1396 1005 albid0‚
1446 955 1556 996 circa
1587 971 1631 996 os
1662 955 1907 1010 nigricante.
1966 952 2046 992 Sed

365 1032 654 1072 immiscentur
683 1030 891 1069 variorum
921 1030 1108 1070 colorum
1137 1046 1267 1086 equae
1297 1047 1319 1070 a
1349 1030 1590 1071 domesticis
1619 1030 1811 1085 gregibus
1839 1044 1913 1085 per
1942 1029 2049 1067 feros

365 1105 628 1148 admissarios
660 1107 829 1145 abactae
862 1106 929 1145 vel
971 1106 1169 1147 [illicitae.
1240 1108 1406 1147 Statura
1449 1118 1542 1147 sunt
1587 1107 1747 1147 minore
1792 1102 2046 1149 domesticis,

364 1187 499 1239 capite
529 1185 703 1230 majore,
736 1181 904 1231 pedibus
931 1182 1255 1236 procerioribus,
1302 1187 1496 1223 auriculis
1528 1183 1654 1237 paulo
1685 1181 1930 1235 majoribus,
1963 1177 2049 1232 api-

364 1272 413 1298 ce
444 1271 604 1297 summo
634 1255 819 1295 falcatim
858 1257 1114 1296 subressexis.
1188 1260 1315 1298 Frons
1357 1257 1409 1296 iis
1458 1273 1576 1312 supra
1620 1257 1762 1297 oculos
1805 1253 2047 1301 convexior,

358 1348 461 1374 -cum
487 1331 646 1372 vortit-e
671 1331 782 1371 inter
804 1332 964 1379 oculos;
1001 1333 1188 1386 Ungulae
1214 1344 1470 1381 contractae,
1503 1332 1887 1386 subcylindraceae.
1945 1329 2049 1368 Iuba

365 1410 416 1448 ab
446 1407 669 1446 intervallo
698 1407 911 1446 oculorum
943 1408 992 1447 ad
1023 1408 1228 1462 scapulam,
1261 1407 1396 1447 minus
1421 1407 1605 1462 prolixa,
1638 1408 1866 1447 suberecta.
1913 1407 2050 1446 Vellus

360 1482 518 1538 hyeme
549 1481 728 1531 hirtum,
760 1481 912 1531 laxius,
944 1481 988 1521 in
1019 1484 1140 1523 dorso
1171 1483 1576 1523 subundulatum.--
1607 1482 1753 1523 Gauda
1783 1497 1929 1537 parum
1958 1494 2048 1535 pro-

365 1558 464 1598 lixa.
524 1557 709 1597 Neonati
739 1557 973 1597 cicurantur
1003 1558 1225 1606 facillime,
1257 1558 1386 1598 adulti
1419 1574 1715 1614 nunquam.-—
1738 1557 1920 1612 Fugiunt
1943 1555 2048 1595 inira

365 1632 601 1683 celeritale,
649 1644 690 1672 et
732 1631 949 1673 hominem
980 1648 1001 1673 e
1032 1633 1263 1689 longinquo
1301 1634 1572 1674 ref0rmidant
1602 1636 1775 1674 adverso
1805 1644 1932 1674 vento
1962 1646 2051 1686 per—

364 1720 611 1764 ceptum.—
642 1707 905 1748 Nomadibus
943 1710 995 1748 ad
1037 1709 1178 1749 cibum
1225 1710 1458 1749 laudantur.
1532 1713 1578 1749 In
1622 1711 1786 1749 deserto
1832 1709 1883 1748 ad
1925 1721 2049 1762 aquas

365 1784 565 1824 subsalsas
597 1784 819 1830 accedunt,
851 1797 1001 1837 easque
1030 1783 1075 1823 in
1103 1795 1248 1839 potum
1273 1783 1490 1824 adhibent.
1548 1783 1717 1839 Apricis
1740 1794 1782 1823 et
1810 1780 2048 1837 campestri-

364 1860 440 1899 bus
469 1856 637 1898 clivosis
667 1858 868 1912 gaudent,
912 1858 1048 1912 sylvas
1093 1870 1135 1898 et
1179 1858 1387 1914 asperiora
1430 1858 1638 1898 montium
1680 1857 1857 1913 fugiunt.
1928 1858 2049 1897 Ultra

365 1943 618 1988 temperatos
647 1932 768 1982 situs,
809 1944 969 1987 gratum
1001 1932 1168 1974 circiter
1197 1942 1318 1975 50mum
1347 1934 1604 1984 latitudinis,
1653 1935 1705 1974 acl
1750 1936 1921 1974 boream
1964 1949 2048 1974 non

364 2019 602 2063 evagantur.
672 2009 741 2048 Ad
784 2023 909 2063 equas
953 2008 1202 2050 domesticas
1244 2009 1323 2051 feri
1365 2010 1595 2050 admissarii
1639 2021 1858 2051 accurrunt
1907 2021 1950 2050 et
1989 2009 2050 2049 ita

363 2098 484 2141 saepe
514 2082 774 2124 occiduntur.

500 2160 648 2200 Nota.
708 2159 848 2200 Morbi
879 2161 988 2217 apud
1018 2176 1145 2217 equos
1189 2172 1437 2217 spontaneos
1480 2172 1523 2202 et
1564 2163 1806 2203 Nomadum
1847 2161 2046 2202 erraticos

364 2234 437 2275 vix
466 2235 543 2275 ulli
574 2235 856 2276 observantur.
927 2240 976 2278 In
1006 2237 1265 2287 domesticis,
1309 2250 1475 2293 praeter
1504 2249 1624 2278 notos
1668 2240 1852 2285 morbos,
1896 2237 2043 2291 hippo-

354 2308 463 2349 ,lithi
493 2325 614 2366 saepe
645 2311 689 2352 in
719 2312 953 2353 ventriculo
984 2324 1250 2368 generantur.
1296 2331 1339 2354 10
1371 2315 1423 2354 ad
1455 2331 1502 2354 20
1536 2314 1735 2354 librarum
1765 2314 1945 2370 pondere
1976 2311 2042 2350 vel

356 2381 559 2435 minores,
590 2387 663 2441 qni
692 2400 786 2430 sunt
814 2390 971 2432 Bezoar
999 2391 1244 2434 Garmandel
1273 2394 1500 2433 Persarum.
1556 2395 1589 2431 E
1619 2404 1716 2430 rene
1745 2403 1944 2444 equorum
1977 2385 2046 2426 ali-
