2196 2927
398 216 484 257 514
1163 211 1304 235 Ξ

560 338 681 388 144.
770 324 1070 372 ALAUDA
1142 326 1403 368 tamarica.
1499 325 1638 367 TAR.
1689 325 1907 371 XXXII.

534 425 586 464 A.
618 420 789 477 corpore
818 431 907 461 toto
938 420 1080 474 nigro,
1110 433 1287 473 gryseo-
1306 419 1623 473 subsquamato‚
1668 421 1797 459 cauda
1825 420 2061 461 concolore.

615 498 779 538 Alauda
809 494 1107 551 yeltoniensis,
1138 495 1305 534 Forster.
1337 503 1412 533 act.
1444 497 1554 547 angl.
1584 495 1709 534 LVII.
1751 511 1790 550 p.
1822 501 1912 536 350.
1944 511 1977 534 n.
2001 502 2065 537 56.

612 572 776 613 Alauda
804 570 1004 620 tatarica,
1034 572 1138 612 Pall.
1169 574 1255 611 itin.
1286 570 1340 609 ΙΙ.
1372 570 1543 624 append.
1575 585 1614 623 p.
1645 586 1736 623 707.
1768 585 1805 610 n.
1832 576 1888 611 15.
1920 570 2065 618 tab.C.

669 647 802 700 (haud
830 648 972 700 bona).

613 734 776 774 Alauda
807 730 1040 781 mutabilis,
1072 733 1239 772 Gmelin.
1265 734 1350 788 jun.
1380 731 1484 771 Nov.
1517 704 1629 772 Corn.
1660 732 1763 772 Petr.
1791 731 1880 770 XV.
1911 747 1950 785 p.
1974 739 2067 783 479.

669 808 750 848 tab.
781 814 844 848 23.
864 807 948 861 fig.
981 824 1016 846 2.
1047 807 1208 859 (mala).

614 893 778 933 Alauda
807 891 923 947 nigra
941 924 951 942 ,
983 893 1216 946 Sparrman.
1245 907 1344 932 mus.
1369 893 1552 931 Carlson.
1582 892 1660 931 No.
1691 909 1748 942 ις).
1779 894 1874 931 Icon
1904 893 2065 945 (bona).

612 968 813 1007 Alouette
844 967 981 1016 noire,
1014 967 1241 1006 D’Aubent.
1273 970 1368 1022 pict.
1400 967 1483 1006 tab.
1515 972 1605 1007 650.
1625 968 1709 1020 fig.
1746 984 1778 1005 1.
1820 967 1911 1018 (sed
1940 967 2066 1021 pedes

667 1056 803 1082 errore
832 1042 1004 1097 pictoris
1035 1042 1136 1081 falso
1166 1040 1311 1095 rubri).

614 1117 744 1157 Black
775 1117 900 1167 Lark,
932 1119 1119 1157 Latham.
1149 1132 1240 1170 syn.
1273 1132 1332 1156 av.
1364 1118 1434 1157 IV.
1466 1133 1505 1174 p.
1536 1123 1627 1159 380.
1659 1132 1696 1156 n.
1733 1122 1792 1157 13.

614 1192 802 1233 Mutable
813 1193 931 1241 Lark,
948 1194 1135 1232 Latham.
1151 1193 1323 1245 syn.1V.
1341 1208 1379 1246 p.
1391 1198 1482 1232 331.
1500 1208 1537 1233 n.
1554 1201 1610 1242 14.
1629 1193 1831 1247 Supplem.
1849 1207 1888 1247 p.
1905 1209 1987 1245 177·
2006 1198 2065 1233 13.

504 1266 644 1308 Rossis
679 1268 894 1307 Tschernoi
914 1267 981 1306 vel
1004 1268 1167 1321 Stepnoi
1182 1268 1497 1307 Dshaworonok.
1557 1266 1790 1307 Calmuccis
1823 1267 2066 1307 Uliir—chsszr.

531 1345 701 1382 Aestate
729 1342 773 1380 in
803 1340 958 1396 campis
986 1340 1178 1380 Tatariae
1207 1340 1388 1380 maxime
1420 1341 1618 1386 desertis,
1655 1357 1677 1380 a
1707 1339 1964 1394 Borysthene
2003 1356 2066 1380 us-

396 1433 476 1474 que
506 1419 556 1458 ad
586 1416 691 1457 Irtin
720 1418 760 1456 fl.
792 1416 975 1470 dispersa
1006 1414 1136 1461 vivit,
1172 1426 1265 1469 post
1295 1416 1511 1455 educatam
1540 1415 1728 1469 prolem,
1772 1413 1954 1454 maxime
1983 1417 2066 1455 Au-

395 1504 513 1549 gusto
542 1502 833 1548 congregatur,
879 1501 920 1530 et
947 1504 1022 1545 per
1050 1489 1142 1529 loca
1182 1489 1433 1543 salsuginosa
1471 1489 1625 1529 deserti
1653 1500 1744 1530 toto
1774 1500 1971 1529 autumno
1999 1505 2066 1529 va-

395 1580 535 1622 gatur,
580 1566 761 1607 maxime
804 1577 902 1605 tunc
944 1564 988 1604 in
1030 1563 1198 1618 regione
1233 1565 1344 1604 lacus
1387 1565 1482 1605 salsi
1510 1565 1637 1604 Altan
1668 1579 1737 1604 seu
1769 1563 1882 1604 aurei
1912 1564 2066 1604 deserti

393 1641 614 1698 Volgensis
644 1641 849 1696 vulgaris,
893 1640 964 1680 ubi
993 1638 1149 1679 retibus
1177 1653 1252 1694 pro
1282 1638 1377 1679 cibo
1407 1639 1589 1694 capitur,
1635 1639 1786 1679 Turdis
1823 1654 1905 1679 non
1934 1643 2063 1694 pejor.

393 1722 442 1758 In
474 1716 651 1772 Georgia
681 1730 843 1771 quoque
873 1716 1132 1769 frequentem
1163 1714 1399 1754 observavit
1442 1715 1830 1755 Guldenscaedt.
1901 1717 2063 1767 Hyeme

393 1793 559 1841 media,
590 1790 772 1831 maxime
802 1789 968 1829 nivibus
998 1798 1165 1828 omnem
1193 1799 1343 1828 terram
1373 1788 1632 1843 tegentibus,
1665 1788 1774 1828 circa
1804 1786 2061 1842 Rhymnum,

394 1866 571 1920 Volgam
602 1876 643 1904 et
670 1867 830 1903 Tanain
859 1862 903 1901 in
934 1861 1115 1901 maxime
1145 1862 1416 1911 australibus,
1460 1873 1505 1901 ut
1541 1873 1584 1902 et
1618 1862 1663 1901 in
1692 1862 1869 1902 Taurica
1899 1861 2062 1904 cherso-

393 1956 518 1990 neso,
562 1941 612 1980 ad
643 1953 767 1994 pagos
797 1948 838 1977 et
866 1935 1060 1976 suburbia
1091 1935 1252 1975 accedit
1295 1936 1498 1976 famelica.
1571 1935 1675 1976 Salis
1718 1935 1976 1991 asperginem
2019 1948 2062 1978 et

371 2014 765 2070 ·Chenopodiorum
795 2023 916 2066 atque
948 2010 1196 2050 Salsolarum
1224 2009 1381 2050 semina
1410 2010 1592 2051 maxime
1622 2022 1744 2051 amat.
1817 2012 1963 2051 Avena
1992 2012 2060 2051 vel

391 2091 563 2146 polenta
607 2104 741 2146 sparsa
783 2086 905 2127 facile
947 2086 998 2125 ad
1038 2085 1143 2124 retia
1181 2084 1376 2125 allicitur.
1445 2086 1618 2126 Volatus
1656 2085 1790 2125 minus
1828 2085 2061 2140 expeditus,

394 2181 517 2221 quam
546 2165 734 2205 Alaudae
762 2161 1019 2217 coelipetae‚
1058 2159 1254 2205 humilis,
1284 2160 1434 2200 brevis.
1505 2160 1705 2201 Cantillat
1733 2171 1911 2200 aestatae
1941 2159 2060 2200 humi

393 2243 564 2290 sedens,
595 2240 669 2280 sed
697 2238 845 2292 inepto
871 2235 1023 2292 pipitu.
1081 2236 1187 2277 Cum
1216 2250 1318 2276 voce
1349 2236 1519 2276 alaudae
1549 2236 1749 2276 subvolat.
1770 2257 1819 2263 —
1846 2235 1998 2275 Nidum
2012 2234 2057 2274 in

391 2317 504 2356 nudo
535 2316 698 2356 deserto
725 2313 786 2354 ita
816 2310 1030 2352 abscondit
1061 2322 1102 2351 et
1131 2311 1258 2365 tegit,
1302 2322 1348 2350 ut
1377 2311 1493 2351 nullo
1524 2311 1646 2350 modo
1677 2310 1863 2350 obt³nere
1888 2309 1959 2349 diu
1987 2322 2057 2362 po-

398 2389 549 2430 tuerim
567 2421 578 2441 ,
620 2389 723 2431 licet
760 2386 947 2445 praemio
977 2385 1198 2429 comitibus
1225 2385 1387 2427 itineris
1414 2385 1640 2442 proposito.
1709 2386 1899 2426 Tandem
1925 2382 1968 2422 in
1996 2382 2055 2422 ul-
