2196 2927
862 167 1005 207 -==.-==.·‘
1682 178 1760 215 175

312 285 406 322 Mus
436 282 602 332 arvalis,
647 283 814 324 Gmelin.
844 291 947 335 syst.
977 282 1064 318 Lin.
1095 280 1128 317 Ι.
1159 296 1197 332 p.
1236 286 1321 329 134.
1357 295 1418 334 sp.
1456 286 1514 318 16.
1558 276 1759 317 selu-eber.

366 362 571 399 mammal.
611 359 682 397 IV.
725 372 820 411 pag.
854 362 944 396 (580.
988 354 1071 395 tab.
1110 370 1196 405 191.
1252 355 1389 395 Pallas
1431 369 1520 395 nov.
1563 369 1623 408 sp.
1662 355 1757 406 glir-

365 451 403 488 p.
435 451 498 485 79.
528 449 564 472 η.
603 441 661 481 14.

310 511 401 547 Mus
431 505 671 560 campestris
701 505 856 552 minor,
886 506 1063 545 Brisson..
1094 505 1235 560 quadr.
1265 520 1303 559 p.
1342 513 1427 553 124.
1456 520 1516 558 sp.
1555 512 1612 545 13.

311 580 585 636 Campagnol,
615 582 774 633 Bufson.
807 583 898 620 hist.
930 590 1012 619 nat.
1045 581 1134 619 VII.
1167 596 1205 634 p.
1239 586 1329 629 369.
1361 579 1443 618 tab.
1475 587 1541 630 47.

306 658 423 696 Short
452 656 575 695 tailed
605 657 706 702 Rae,
736 657 928 695 Ρεηηαηε.
959 671 1050 708 syn.
1082 671 1121 709 p.
1154 662 1244 695 305.
1276 670 1313 693 η.
1346 661 1436 694 233.

304 731 422 770 Shorc
451 732 577 770 tailed
606 733 767 777 Mense,
797 732 987 770 Permane.
1018 730 1133 770 Zool.
1167 729 1257 770 brit.
1291 731 1395 781 (410)
1426 730 1458 768 Ι.
1490 744 1528 783 p.
1567 744 1652 778 109.

197 805 366 844 Rossice
398 806 570 845 Polewoz'
598 808 769 846 DIuisch.

224 880 494 919 Praecedenti
526 882 645 921 valde
675 880 824 920 similis
855 880 1013 936 species
1041 895 1116 935 per
1154 894 1321 920 omnem
1352 878 1540 918 Rossiam
1582 876 1627 916 in
1671 874 1760 915 her-

88 953 197 994 bidis
226 954 405 1008 vulgaris
435 967 515 1004 est,
548 955 592 994 in
622 955 775 996 51111113
806 955 958 995 sensim
989 955 1143 995 deficit.
1203 954 1324 995 Circa
1357 953 1471 994 foeni
1494 966 1661 993 acervos
1683 951 1759 990 fre·

88 1040 261 1083 quenter
291 1027 510 1083 hybernat.
569 1031 700 1071 Nidus
728 1030 934 1072 foeminae
963 1029 1228 1086 profundior,
1260 1027 1472 1069 canalibus
1501 1045 1520 1067 2
1547 1027 1612 1067 vel
1637 1034 1658 1066 3
1684 1039 1759 1080 pro

87 1104 222 1152 exitu,
269 1104 452 1145 molliter
496 1105 624 1146 herba
665 1117 832 1152 stratus,
873 1105 918 1146 in
963 1120 1044 1160 quo
1088 1108 1171 1158 jam
1203 1103 1339 1159 Aprili
1368 1102 1495 1143 catuli
1526 1099 1756 1151 majusculi,

86 1178 464 1232 sesquipollicares,
509 1180 582 1220 vix
625 1179 884 1233 lanuginosi,
928 1182 999 1220 sed
1037 1179 1173 1219 adhuc
1214 1178 1345 1219 coeci.
1417 1182 1464 1216 In
1507 1175 1758 1220 senioribus,

85 1252 285 1307 gravidiS,
331 1268 434 1307 quae
479 1255 530 1294 ad
580 1272 619 1293 11
654 1253 870 1294 drachmas
900 1269 1021 1309 saepe
1050 1254 1257 1309 pondent,
1300 1267 1426 1307 usque
1458 1253 1509 1291 ad
1546 1268 1588 1290 12
1620 1250 1756 1304 pullos

84 1327 241 1367 inveni.
312 1331 360 1367 In
389 1329 565 1369 Taurica
596 1328 856 1371 Chersoneso
894 1330 1142 1385 quibusdam
1181 1328 1314 1368 amnis
1344 1325 1670 1382 copiosissimus3
1715 1334 1757 1362 et

85 1401 174 1442 vidi
189 1414 286 1442 tunc
306 1403 415 1444 circa
431 1404 643 1445 cuniculos
660 1404 800 1444 matris
825 1416 866 1444 et
889 1405 1097 1460 pullorum
1127 1403 1307 1451 vicinos,
1338 1400 1560 1442 nidiforme
1590 1414 1754 1454 promp-

84 1477 262 1517 tuarium
303 1478 348 1518 in
391 1478 573 1534 caespite
616 1478 873 1534 superficiale
916 1478 1105 1518 collectis
1152 1477 1291 1518 bulbis
1327 1474 1559 1530 Hyacinthi
1598 1472 1755 1514 comosi

84 1552 308 1606 repletum3
340 1553 612 1607 Frequentius
643 1553 818 1607 Lathyri
847 1553 1051 1601 tuberosi,
1082 1553 1194 1591 lauta
1223 1552 1363 1606 copia,
1409 1562 1453 1589 ut
1481 1550 1642 1604 pileum
1670 1550 1755 1587 fere

85 1627 312 1681 replerent;
344 1638 518 1681 suntque
548 1626 652 1668 haec
682 1629 826 1667 tubera
857 1626 1149 1676 selectissima,
1181 1640 1350 1680 magna,
1379 1636 1424 1664 ut
1453 1624 1623 1672 mirum,
1667 1634 1767 1661 tan-⁷

83 1700 178 1740 tillo
207 1703 257 1741 ab
288 1701 538 1742 animalculo
569 1702 800 1756 congestari
829 1702 1025 1757 potuisse.
1093 1702 1199 1742 Cum
1230 1711 1367 1740 autem
1396 1699 1440 1739 in
1469 1701 1593 1738 finem
1622 1711 1756 1736 mures

85 1775 353 1816 semicanales
396 1776 617 1831 spatiosos,
660 1791 859 1826 ramosos,
905 1776 1079 1832 caespiti
1121 1775 1380 1830 insculpunt,
1426 1773 1498 1829 qui
1528 1775 1580 1814 ad
1608 1771 1756 1812 nidum

85 1851 251 1890 ducunt.
322 1855 435 1890 Inter
475 1863 634 1906 segetes
677 1851 881 1906 Georgiae
924 1853 1204 1906 frequentem,
1259 1849 1495 1890 observavit
1545 1848 1754 1888 Graden-

86 1925 275 1973 staedt,
317 1927 500 1980 pondere
533 1926 717 1967 drachm.
748 1942 820 1967 sex
850 1938 892 1967 et
922 1926 1145 1976 dimidiae,
1189 1924 1451 1980 longitudine
1482 1921 1753 1978 quadripolli-

86 1998 191 2047 cari,
222 2014 317 2039 cum
346 2003 477 2041 cauda
507 2003 654 2041 decem
682 2002 898 2042 linearum.
970 2005 1016 2040 In
1046 2000 1192 2041 Rossia
1222 2015 1293 2039 sex
1323 1998 1561 2040 drachmale
1591 1996 1758 2052 pondus·

87 2073 160 2115 vix
188 2086 370 2129 superat,
402 2075 744 2131 quadripollicari
774 2076 928 2126 minor,
960 2077 1089 2116 cauda
1118 2074 1288 2114 unciali.

429 2207 514 2260 93.
605 2200 980 2246 MYODES
1062 2203 1417 2245 saxatilis.

247 2297 307 2335 Μ.
346 2297 476 2335 cauda
530 2294 812 2350 longiuscula,
870 2294 1034 2336 auribus
1088 2295 1244 2337 vellere
1299 2294 1547 2350 majoribus,
1601 2292 1750 2350 palmis

86 2370 387 2424 subtetradact)
400 2369 463 2411 115.
