2196 2927
370 205 426 243 54
1123 201 1267 214 “““““““““

368 316 442 344 ret.
500 303 645 343 Vellus
673 300 717 340 in
746 299 859 339 nulla
889 299 1012 340 facile
1042 300 1127 340 fera
1157 300 1343 349 densius,
1384 297 1505 339 altius
1544 310 1586 338 et
1623 299 1674 338 ad
1719 299 1940 338 arcendum
1970 297 2038 337 fri-

369 394 440 434 gus
478 377 605 431 magis
644 386 802 429 aptum,
842 375 946 415 adeo
989 390 1152 430 quoque
1190 374 1452 423 electricum,
1491 385 1536 414 ut
1566 374 1693 414 semel
1722 373 1927 413 iterumve
1956 387 2038 412 ma-

369 469 423 493 nu
453 451 638 498 frictum,
684 448 936 504 crepitantes
977 449 1023 490 in
1057 450 1241 490 tenebris
1283 449 1485 490 scintillas
1515 449 1693 489 emittat.
1763 450 1822 487 At
1849 448 1893 488 in
1922 448 2038 487 nullo

369 541 497 581 aeque
528 525 685 566 corium
714 538 785 564 seu
814 523 919 564 cutis
947 524 1132 574 tenuior,
1177 524 1371 564 tenerior.
1436 527 1547 564 Ante
1586 524 1767 564 Olaum
1802 525 2040 577 Magnum

369 602 440 641 vix
470 600 555 640 ulla
584 602 744 654 Lagopi
773 600 881 653 apud
911 610 1098 639 auctores
1128 599 1306 648 mentio,
1351 601 1462 654 quod
1492 599 1527 638 is
1556 598 1713 654 primus
1750 598 1829 638 fuit
1870 597 1914 637 in
1952 611 2037 651 sep-

368 674 575 716 tentrione
606 674 822 729 ZoologuS.
881 677 934 713 Et
963 674 1191 714 etiamnum
1219 673 1463 729 imperfecta
1493 685 1555 714 est
1583 673 1704 727 hujus
1729 673 1918 713 animalis
1949 685 2041 726 cog-

368 751 496 800 nitio,
528 761 570 790 et
599 748 733 789 adhuc
763 764 893 804 nuper
920 750 1115 789 Isatidem
1145 752 1397 804 (Lagopum)
1439 764 1534 789 cum
1562 749 1687 803 vulpe
1731 749 1823 788 alba
1853 745 2043 788 confudit.

368 827 556 865 Amiciss.
600 825 968 864 Zimmermann
1009 824 1151 876 (Zool.
1178 840 1319 878 geogr.
1351 840 1390 880 p.
1439 827 1567 876 180.).
1634 826 1673 862 A
1709 823 1847 878 Vulpe
1877 822 2041 862 cinerea

370 899 636 948 Americana,
669 913 772 954 quae
803 898 988 939 mitiores
1017 898 1251 938 latitudinis
1280 900 1428 953 gradus
1457 897 1569 939 haud
1599 909 1777 947 recusat,
1811 895 2040 938 certissime

369 974 507 1030 specie
538 975 691 1015 differt.

503 1125 676 1165 Descr.
742 1125 879 1180 Vulpe
917 1124 1051 1165 minor
1088 1136 1129 1165 et
1165 1123 1410 1180 depressior.
1487 1125 1621 1179 Caput
1657 1122 1835 1164 similius
1872 1120 2043 1169 canino,

370 1213 493 1253 quam
523 1199 716 1253 vulpino,
748 1210 879 1240 rostro
908 1214 1059 1253 nempe
1089 1199 1304 1247 crassiore,
1337 1197 1564 1246 obtusiore,
1605 1198 1745 1238 cranio
1776 1196 2042 1237 convexiore.

369 1273 504 1312 Nasus
533 1283 574 1312 et
602 1273 715 1313 labia
743 1275 873 1320 nuda,
905 1273 1039 1327 nigra,
1071 1273 1250 1313 incisura
1280 1272 1382 1312 labii
1405 1274 1518 1313 sulco
1542 1272 1649 1327 septi
1673 1272 1880 1312 continua.
1940 1272 2045 1310 Den-

371 1358 428 1387 tes
458 1351 649 1402 primores
678 1347 905 1402 superiores
934 1346 1066 1387 medii
1095 1347 1294 1395 trunculi,
1325 1347 1510 1402 proximi
1534 1347 1726 1402 utrinque
1756 1347 1899 1387 lobulo
1929 1347 2044 1386 obso-

370 1422 456 1461 leto
485 1421 637 1470 notati,
669 1421 818 1461 extimi
848 1421 1067 1470 distantes,
1099 1421 1256 1471 conici,
1287 1437 1430 1462 onmes
1459 1421 1549 1461 basi
1576 1421 1799 1461 introrsum
1828 1420 2042 1476 producti3

370 1497 476 1547 infra
505 1495 634 1549 magis
664 1495 882 1543 distantes,
914 1495 1154 1535 intermedii
1184 1507 1358 1550 quatuor
1399 1507 1536 1535 retuso
1554 1521 1566 1525 -
1585 1496 1929 1550 subeniarginati,
1976 1510 2043 1534 ex-

371 1569 497 1608 timus
525 1568 710 1618 bilobus,
742 1569 840 1609 lobo
870 1570 1076 1609 exteriore
1108 1581 1248 1616 acut03
1280 1572 1426 1609 Canini
1454 1569 1592 1624 superi
1634 1574 1828 1624 majores3
1875 1574 2046 1610 molares

372 1642 526 1697 ubique
556 1657 648 1691 sex,
681 1658 800 1698 supra
830 1642 988 1698 priores
1015 1654 1118 1692 tres,
1150 1643 1312 1683 inferne
1342 1654 1519 1698 quatuor
1547 1643 1937 1693 wimberto-conici,
1978 1660 2043 1684 an-

370 1717 543 1757 teriores
586 1717 890 1765 decrescentes,
936 1717 1071 1772 primo
1114 1717 1310 1767 minimo,
1354 1741 1404 1747 -—-
1446 1717 1632 1773 sequitur
1674 1733 1843 1773 magnus
1872 1719 2043 1758 trilobo-

374 1791 551 1840 lacerus,
584 1790 763 1845 denique
793 1803 1021 1846 postremus
1051 1793 1472 1841 lato-tuberculosus,
1505 1804 1546 1833 et
1576 1795 1628 1833 ad
1657 1793 1818 1833 faucem
1848 1793 2044 1833 minimus

374 1877 543 1905 retusus,
614 1866 803 1906 Palatum
832 1867 940 1920 rugis
971 1885 1008 1918 9.
1038 1871 1180 1922 lingua
1209 1867 1362 1908 mollis.
1437 1870 1648 1922 Mystaces
1677 1868 1907 1908 mediocres
1936 1867 2042 1908 ordi-

375 1955 474 1980 num
503 1940 818 1995 subquinorum,
851 1942 954 1991 albi,
992 1953 1078 1982 seta
1107 1958 1188 1982 una
1215 1942 1404 1999 longiore
1433 1943 1548 1983 fusca
1577 1943 1705 1983 etiam
1733 1943 1777 1982 in
1808 1942 1931 1989 albis;
1961 1957 2043 1982 ver-

376 2030 473 2055 ruca
501 2015 797 2070 supraocularis
827 2017 968 2057 setulis
996 2032 1091 2066 sex,
1136 2033 1309 2072 quarum
1337 2033 1418 2057 una
1454 2017 1558 2057 item
1594 2032 1647 2058 ex
1686 2029 1802 2073 parte
1832 2017 2043 2064 fuscescit;

377 2092 470 2129 Seta
499 2104 628 2144 genae
658 2090 841 2131 solitaria
871 2102 913 2131 et
942 2107 1111 2132 verruca
1140 2093 1259 2147 gulae
1288 2092 1543 2147 quadriseta,
1575 2107 1730 2148 perque
1760 2092 2043 2132 mandibulam

377 2165 530 2204 serulae
561 2165 720 2220 aliquot
749 2165 910 2220 duplici
949 2167 1095 2207 ordine
1125 2182 1300 2223 sparsae.
1365 2168 1487 2208 Oculi
1526 2168 1921 2222 subconvergentes,
1960 2167 2043 2222 pal-

379 2241 595 2292 pebrarum
626 2239 881 2294 marginibus
909 2242 1049 2290 nudis,
1082 2242 1269 2297 serieque
1299 2241 1479 2297 pilorum
1503 2242 1680 2297 margini
1701 2242 1891 2298 proxima
1906 2242 2042 2295 nigra:

378 2313 497 2352 irides
539 2315 708 2353 obscure
752 2314 909 2360 luteae3
961 2317 1339 2369 periophchalmium
1377 2317 1547 2371 oblique
1589 2319 1756 2357 oculum
1791 2332 1874 2356 non
1910 2327 2043 2356 totum

379 2388 450 2437 (ad
464 2390 497 2437 ἓ)
528 2398 691 2440 tegens,
724 2388 906 2443 margine
937 2387 1112 2442 nigrum.
1170 2392 1300 2432 Aures
1329 2402 1494 2439 ovatae,
1527 2391 1814 2440 mollissimae,
1854 2392 2043 2431 rotunda-
