2196 2927
870 166 1017 192 =.-.-...‘
1691 174 1779 214 247

111 275 250 314 vatae,
282 266 355 305 sub
385 264 579 307 musculis
609 264 817 308 clitoridis
846 266 971 314 sitae,
1000 266 1332 321 conglutinatae,
1362 284 1468 325 quae
1498 272 1623 313 ductu
1649 272 1781 328 singu-

110 341 173 380 lae
204 341 461 389 excretorio‚
491 343 667 391 unciali,
698 342 809 381 inter
836 344 1038 381 urethram
1068 353 1110 381 et
1132 354 1351 384 externum
1377 347 1783 400 vaginae'orificium

108 413 240 455 hiant.
299 417 415 457 Illius
445 417 648 457 orificium
668 431 689 455 a
711 416 933 470 posteriori
962 415 1305 471 quadripollicari
1335 419 1530 461 distantia
1558 422 1781 463 introrsum

107 502 325 531 remotum.
384 495 431 531 In
462 492 616 531 duabus
653 490 789 530 vaccis
828 490 1014 543 juvencis
1044 491 1284 531 manifestus
1316 495 1456 533 aderat
1484 497 1666 549 Hymen,
1711 498 1781 553 qui

107 567 180 605 sub
209 566 340 606 limbo
368 565 518 606 orificii
546 576 704 605 meatus
746 564 918 605 urinarii
948 565 1166 620 prodibat,
1213 578 1255 606 et
1283 566 1328 606 in
1359 569 1528 609 modum
1559 572 1708 613 fasciae
1737 573 1781 613 in

105 640 209 680 latus
239 641 474 696 oppositum
502 640 676 695 vaginae
706 640 989 688 continuatus,
1035 643 1249 682 constabat
1286 642 1375 698 ipsa
1406 646 1642 685 membrana
1673 648 1783 702 vagi-

104 731 180 755 nae
222 716 384 755 interna
425 717 645 771 producta,
696 715 824 755 instar
868 716 1089 756 velaminis
1141 717 1300 758 orificio
1349 731 1586 773 praetensa,
1640 723 1785 762 relicta

102 790 294 846 utrinque
327 802 530 846 apertura.
602 795 714 831 Pone
744 790 825 831 hoc
856 790 1013 845 hymen
1042 791 1305 847 incipiebant
1334 808 1456 848 rugae
1488 796 1713 850 vaginales.

237 893 384 933 Nota.
441 893 621 934 Videtur
650 891 821 933 omnino
852 908 1004 933 nomen
1038 895 1110 935 Uri
1142 897 1249 950 apud
1280 898 1568 947 Caesarem,
1600 911 1644 939 ut
1666 912 1779 941 recte

101 968 186 1008 Cel.
215 969 530 1010 Bekmannus
561 972 619 1022 ζ’)
650 969 864 1015 observat,
904 985 926 1008 a
956 970 1194 1023 germanico
1228 973 1287 1013 Ur
1318 973 1384 1012 vel
1424 975 1534 1013 Alter
1562 975 1776 1029 processis

101 1058 166 1090 se,
206 1045 561 1098 quemadmodum
602 1043 724 1084 facile
756 1044 873 1099 origo
904 1044 1085 1085 nominis
1115 1048 1296 1088 Bisontis
1326 1065 1347 1088 a
1377 1049 1614 1104 germanico
1643 1053 1775 1097 Bisen‚

99 1120 239 1158 Bisam
270 1118 495 1159 derivanda
526 1121 651 1168 foret,
693 1119 1033 1174 quandoquidem
1064 1122 1158 1161 Uris
1191 1122 1321 1177 aliqui
1364 1125 1489 1177 (forte
1518 1125 1644 1165 oestri
1673 1137 1776 1165 tem-

97 1197 216 1249 pore)
248 1193 508 1234 moschatum
538 1196 709 1235 odorem
738 1194 985 1234 tribuerunt.
1057 1200 1110 1236 Et
1153 1197 1318 1237 videtur
1359 1198 1463 1239 haec
1496 1211 1664 1255 accepta
1694 1202 1777 1241 duo

96 1268 267 1308 nomina
305 1271 497 1310 Caesar
542 1268 586 1309 in
629 1268 826 1309 distincta
866 1269 1062 1310 animalia
1106 1271 1304 1319 vertisse,
1349 1276 1701 1328 quemadmodum
1730 1274 1774 1315 in

97 1343 377 1399 descriptione
408 1344 542 1394 Alcis,
587 1348 765 1385 Damam
801 1360 895 1385 cum
925 1347 1071 1386 eadem
1115 1348 1349 1388 confudisse
1392 1361 1575 1405 apparet.
1647 1349 1776 1404 Quin-

96 1418 224 1458 etiam
254 1421 416 1467 fabula,
458 1436 580 1475 qnam
624 1421 676 1460 de
719 1422 845 1461 modo
875 1424 1176 1462 Germanorum
1206 1423 1402 1478 capiendi
1443 1425 1565 1464 Alces
1603 1425 1773 1465 succisis

96 1495 288 1534 arborum
317 1495 494 1543 truncis,
524 1495 673 1550 quibus
705 1497 864 1535 accline
896 1496 1050 1537 animal
1080 1497 1295 1547 concidat,
1334 1514 1543 1554 resurgere
1573 1500 1773 1548 nescium,

94 1568 194 1610 inde
236 1569 402 1610 videtur
443 1570 649 1625 originem
692 1569 890 1620 traxisse,
945 1572 1057 1626 quod
1109 1571 1258 1627 aliquis
1300 1575 1552 1625 narraverit,
1605 1576 1772 1630 linguae

94 1643 239 1699 ignaro
276 1645 393 1695 duci,
438 1648 608 1686 modum
646 1645 778 1687 foveis
808 1646 988 1701 virgulto
1019 1647 1142 1688 tectis
1173 1649 1368 1704 capiendi
1396 1651 1542 1700 Alces,
1589 1653 1639 1691 ad
1670 1667 1770 1707 quas

93 1719 263 1759 succisis
294 1721 506 1761 arboribus
536 1723 668 1762 factae
698 1737 773 1777 per
803 1721 939 1777 sylvas
970 1737 1086 1777 sepes
1117 1723 1294 1774 ducunt,
1337 1736 1383 1765 ut
1419 1725 1650 1767 hodienum
1689 1730 1772 1768 Vo-

94 1793 200 1847 gulis
229 1810 317 1835 mos
347 1809 429 1845 est,
468 1799 519 1838 de
550 1812 633 1852 quo
663 1797 709 1838 in
738 1799 938 1838 Itinerariz·
969 1797 1054 1838 mei
1082 1798 1245 1839 sibirici
1276 1801 1366 1842 Vol.
1396 1802 1449 1842 II.

576 1915 699 1954 130.
790 1909 954 1952 BOS
1027 1910 1286 1954 Bubalus.

227 2002 276 2039 B.
306 1999 499 2041 cornibus
529 2001 1095 2056 compresso-subcarinatis,
1134 2003 1572 2056 reclinato-recurvis,
1601 2005 1766 2056 lunatis,

92 2072 190 2129 pilis
219 2074 495 2116 fasciculatim
523 2075 684 2131 sparsis.

155 2253 206 2296 (·)
234 2249 406 2285 Bekmzmni
433 2252 639 2285 dissertatio
677 2253 721 2285 de
755 2253 965 2287 animalibus
998 2255 1210 2290 Germaniae
1243 2260 1411 2301 antiquae
1452 2261 1485 2291 in
1513 2257 1667 2306 Θεῐείρτΐε
1696 2258 1764 2296 2sb=

243 2312 454 2357 banbtungen
482 2321 547 2348 uno
563 2312 779 2355 machi-tamn
808 2322 872 2349 aus
899 2323 964 2352 uno
991 2325 1056 2352 von
1083 2316 1249 2363 ffiusstano
1277 2320 1536 2366 berausgegeben
1563 2329 1628 2356 von
1655 2318 1699 2357 21.
1723 2319 1764 2365 3.

243 2369 431 2417 ffifisdpmg.
474 2375 579 2415 1765.
608 2380 685 2412 svo.
718 2382 792 2418 pag.
823 2384 879 2417 51,
