2196 2927
375 196 460 239 452
1137 198 1281 220 Ξ

512 299 559 336 In
588 295 715 351 sylvis
746 294 896 351 alpinis
926 296 1154 344 Dauuriae,
1197 311 1289 336 cum
1320 296 1363 336 in
1394 295 1679 351 hybernaculo
1710 301 1761 339 acl
1792 299 1979 339 condam
2012 300 2051 339 fl.

378 371 500 411 initio
530 372 656 425 Maji,
686 371 852 411 nivibus
883 372 1041 412 clausus
1071 387 1222 421 essem,
1254 387 1348 412 cum
1378 373 1570 426 sequenti
1600 373 1759 428 specie,
1791 390 1812 413 a
1843 389 1921 428 qua
1951 389 2053 414 voce

375 446 485 485 inter
514 448 739 487 volandum
778 446 912 501 gravi,
959 447 1150 497 stridula,
1194 447 1450 488 Tinnunculi
1483 449 1664 495 aemula,
1710 449 1871 493 differt,
1915 463 2054 488 conso-

375 521 484 561 ciata
514 523 733 562 advolabat
763 524 927 570 crebro,
970 534 1067 563 tunc
1098 524 1203 563 forte
1246 523 1551 577 transmigrans.
1622 527 1767 564 Postea
1809 523 1881 563 vix
1926 524 2054 562 semel

375 607 417 636 et
445 596 595 637 iterum
624 597 669 636 in
699 596 881 636 Dauuria
911 597 998 637 visa
1028 610 1108 645 est,
1152 610 1194 638 et
1237 600 1288 638 ad
1329 599 1537 638 Jeniseam
1582 600 1725 639 semel.
1797 599 2056 638 Gmelz'nus·

377 686 461 711 sen.
494 674 544 711 ad
576 672 814 726 Selengam,
861 674 1126 727 Tunguskam
1157 685 1199 712 et
1226 673 1433 713 Jeniseam
1477 675 1571 714 fluv.
1615 673 1852 714 observavit
1898 685 1939 712 et
1979 688 2055 728 pro

374 749 423 785 T.
453 747 617 801 Tylade
648 763 678 786 s.
709 747 837 787 Iliaco
866 759 1078 787 auctorum
1109 763 1325 803 perperam
1357 748 1517 788 habuit.
1575 749 2055 790 Messerschmidius

375 823 425 862 ad
464 822 692 869 Jeniseam,
736 837 830 861 cum
875 824 1016 862 Turdo
1044 822 1168 877 pilari
1198 834 1240 862 et
1269 823 1428 862 Sturnis
1472 823 1718 863 sociabilem
1759 823 1933 863 notavit.
2006 827 2054 863 In

371 896 662 938 Camtschatca
692 908 731 936 et
760 896 904 936 insulis
935 899 1160 952 Billings
1189 909 1230 937 et
1260 901 1402 938 stlerk
1431 897 1676 939 habuerunt.

505 974 681 1012 Descr.
740 973 984 1026 Magnitudo
1016 977 1065 1012 T.
1096 973 1253 1028 pilaris.
1324 974 1514 1013 Rostrum
1544 987 1730 1022 cereum,
1776 988 1895 1028 supra
1923 973 2055 1028 longi-

367 1046 611 1087 tudinaliter
641 1048 820 1094 fuscum,
848 1047 937 1087 basi
967 1047 1187 1103 insigniter
1217 1060 1416 1088 setosum.
1482 1048 1542 1089 Os
1571 1047 1681 1088 intus
1712 1049 1881 1095 flavum3
1913 1052 2055 1102 lingua

366 1122 507 1161 bifida.
565 1123 789 1178 Palpebrae
818 1124 1003 1178 margine
1034 1125 1145 1163 nudo
1175 1125 1336 1173 fuscae,
1368 1123 1478 1163 intus
1510 1125 1791 1164 flavescentes.
1850 1125 1977 1163 Irides
1991 1139 2054 1163 ru-

369 1196 640 1238 tilo-fuscae.
700 1200 835 1254 Caput
865 1214 984 1254 supra
1015 1210 1055 1238 et
1086 1198 1249 1239 auribus
1279 1200 1459 1248 fuscum,
1499 1199 1707 1253 lituraque
1736 1198 1846 1238 inter
1875 1209 2052 1238 rostrum

372 1282 414 1310 et
444 1272 598 1311 oculos.
657 1274 803 1313 Fascia
831 1278 1110 1329 supraciliaris
1140 1275 1253 1320 alba3
1292 1277 1396 1327 gula
1425 1273 1740 1327 albo-pallida,
1785 1273 1950 1327 punctis
1980 1273 2052 1312 du-

371 1345 476 1400 plici
505 1357 639 1386 tractu
670 1347 1053 1403 loogitudinalibus.
1110 1349 1303 1402 Jugulum
1333 1350 1505 1402 abrupte
1529 1352 1714 1401 n?grum‚
1745 1362 1883 1386 versus
1908 1359 2052 1402 pectus

369 1419 520 1460 sensim
551 1421 691 1463 limbis
720 1424 953 1478 plumarum
985 1422 1134 1462 albidis
1173 1423 1448 1463 obsolescens.
1520 1424 1733 1463 Abdomen
1763 1422 1921 1469 album3
1964 1423 2052 1463 sub-

372 1497 563 1536 candales
593 1497 1024 1552 ferrugineo-fuscae,
1057 1498 1299 1539 maculatae.
1359 1500 1536 1538 Dorsum
1565 1498 1933 1551 gryseo—fuscuim
1964 1513 2052 1538 uro-

370 1576 544 1625 pygium
574 1573 890 1613 subtestaceum.
948 1574 1053 1612 Alae
1083 1573 1242 1619 suscae,
1273 1574 1413 1612 subtus
1436 1572 1716 1627 ferrugineae,
1746 1572 1960 1616 ἱερῇ-1065,
1993 1587 2052 1612 re-

371 1646 583 1701 migesque
615 1647 822 1688 exteriore
853 1647 1039 1702 margine
1061 1647 1408 1702 subferrugineae.
1469 1649 1614 1688 Cauda
1637 1647 1897 1702 subaequalis
1912 1647 2050 1701 nigra3

370 1721 570 1762 Rectrices
598 1737 736 1762 versus
765 1723 882 1763 basin
914 1723 1100 1778 margine
1144 1734 1369 1771 testaceae,
1416 1722 1497 1762 oris
1539 1722 1854 1762 cinerascentes.
1925 1723 2051 1763 Pedes

369 1795 696 1850 fusco-pallidi,
725 1797 855 1837 tibiae
886 1797 1071 1852 postice,
1111 1796 1317 1850 digitique
1347 1798 1486 1836 subtus
1516 1796 1625 1836 flavi.
1697 1797 1860 1836 Pondus
1891 1814 1910 1836 2
1944 1799 1994 1837 ad
2024 1805 2046 1838 3

370 1869 598 1910 unciarum.
641 1872 870 1925 Longituclo
886 1872 938 1910 ad
955 1871 1203 1925 uropygium
1219 1873 1276 1910 6‘'.
1294 1875 1363 1919 [β’.
1395 1871 1561 1912 Caudae
1580 1878 1638 1911 δ”.
1655 1876 1721 1921 9“‘.
1752 1871 1945 1911 Intestini
1966 1877 2047 1912 12‘'.

504 1950 547 1992 β.
591 1947 838 1986 Varietacem
880 1945 1117 1986 observavit
1159 1947 1435 1992 Gmelz'nus,
1478 1945 1546 1985 cui
1589 1946 1747 1986 collum
1791 1961 1813 1985 a
1856 1946 1949 2000 gula
1996 1947 2048 1987 ad

369 2031 512 2075 pectus
540 2021 706 2060 exolete
736 2020 873 2075 nigra,
914 2020 996 2060 oris
1034 2021 1268 2076 plumarum
1311 2020 1415 2060 albis
1445 2032 1657 2076 squamata
1687 2033 1730 2061 et
1757 2022 1915 2061 femora
1944 2022 2046 2062 rufa.

371 2094 482 2135 Mihi
510 2097 614 2136 tales
644 2111 727 2136 non
757 2107 1036 2136 occurrerunt.
1304 2082 1312 2092 ι

527 2180 610 2232 93.
702 2176 746 2218 Τ
776 2176 816 2217 U
844 2176 882 2217 R
911 2176 953 2218 D
983 2176 1023 2217 U
1051 2177 1078 2217 S
1151 2170 1449 2235 ruficolll'S.
1517 2176 1655 2220 TAB.
1697 2176 1889 2220 XXIII.

504 2250 554 2287 T.
586 2262 757 2302 corpore
786 2262 905 2301 supra
935 2248 1075 2294 furvo,
1118 2248 1229 2288 collo
1259 2247 1584 2303 rectricibusque
1615 2246 1852 2288 lateralibus
1882 2248 1989 2287 rufis.

587 2323 749 2362 Turdus
779 2321 996 2371 miconis,
1029 2324 1133 2363 Pan.
1165 2328 1251 2364 itin.
1281 2325 1356 2362 III.
1388 2324 1559 2380 append.
1589 2341 1629 2380 p.
1659 2331 1750 2377 694.
1780 2340 1818 2365 η.
1849 2341 1886 2375 9.
1932 2323 2043 2361 Gme-

643 2400 712 2437 lin.
743 2408 846 2453 «ςγδι.
875 2399 963 2441 Lin.
993 2400 1047 2439 ΙΙ.
1079 2416 1117 2454 p.
1151 2407 1242 2442 815.
1272 2415 1333 2454 sp.
1364 2406 1430 2452 46.
