2196 2927
941 273 1003 325 X.
1066 271 1536 327 SORICES.

535 512 690 553 Sorices
718 509 902 566 corporis
930 509 1078 552 habitu
1114 521 1158 551 et
1185 509 1430 566 praesertim
1458 511 1588 552 forma
1616 508 1766 566 capitis
1797 521 1839 551 et
1868 511 1988 552 rostri
2016 508 2078 553 ita

402 588 511 629 inter
539 602 581 627 se
610 587 884 634 conveniunt,
925 599 971 627 ut
1012 587 1276 628 differentiae
1317 585 1361 626 in
1404 585 1598 627 dentibus
1634 588 1890 642 quarundam
1920 587 2076 642 specie-

402 678 493 703 rum
521 664 782 709 observatae,
811 661 922 702 nihil
952 663 996 702 in
1023 677 1174 717 genere
1205 664 1309 703 adeo
1347 662 1524 702 naturali
1566 673 1725 702 mutare
1756 663 1935 703 valeant.
2006 666 2080 704 Est

403 748 541 778 autem
570 753 618 777 ea
647 737 880 778 similitudo
910 737 953 777 in
982 737 1063 778 hoc
1093 753 1244 792 genere
1276 750 1411 785 tanta,
1450 749 1497 778 ut
1525 737 1651 777 etiam
1682 738 1862 793 species,
1904 739 1985 779 nisi
2015 754 2078 780 ac-

401 813 659 856 curatissime
687 814 949 861 observatae,
993 827 1112 867 aegre
1156 812 1474 868 distinguantur.
1543 817 1596 853 Et
1625 815 1759 854 forsan
1789 825 1952 868 praeter
1981 829 2078 854 enu-

401 900 577 930 meratas
607 888 725 928 nobis
756 887 919 942 aliquae
950 887 1086 928 adhuc.
1116 889 1406 943 praetervisae.
1465 888 1682 944 Proprium
1706 900 1766 929 est
1791 889 1977 930 Soricum
2001 889 2078 945 hy-

400 966 531 1006 berno
559 976 745 1019 tempore
774 979 855 1003 non
897 964 1048 1011 latere,
1090 979 1167 1004 nec
1209 965 1520 1018 obtorpescere,
1563 965 1636 1003 secl
1677 979 1838 1003 summo
1880 976 2078 1019 regnante

400 1040 553 1094 frigore
584 1050 778 1093 vagantes
807 1038 851 1078 in
881 1038 978 1078 nive
1010 1038 1164 1080 videas.
1224 1042 1437 1093 Quaerunt
1459 1050 1599 1078 tamen
1621 1038 1714 1079 loca
1736 1038 1964 1095 tepidiora,
1993 1039 2080 1082 imo

403 1115 453 1154 ad
482 1113 644 1170 tuguria
672 1114 918 1155 rusticorum
945 1125 1044 1155 tune
1073 1115 1264 1156 lubenter
1295 1116 1512 1155 accedunt.

597 1302 682 1343 52.
775 1301 1046 1343 SOREX
1101 1302 1498 1345 mosclzcztus.
1557 1301 1706 1344 TAB.
1748 1299 1885 1344 VIII.

539 1414 580 1452 S.
609 1412 809 1453 inauritus
851 1414 980 1453 cauda
1022 1429 1238 1470 squamosa
1279 1413 1608 1470 cathetoplatea,
1649 1414 1799 1469 palmis
1841 1414 2079 1471 plantisque

404 1488 634 1529 fimbriatis.

620 1575 764 1615 Castor
806 1573 1063 1623 moschatus,
1104 1577 1192 1616 Lin.
1223 1584 1325 1628 ςγδι.
1356 1575 1450 1615 XII.
1493 1578 1525 1616 I.
1569 1593 1666 1631 pag.
1698 1592 1762 1627 79.
1804 1591 1864 1631 sp.
1897 1592 1932 1617 2.
1966 1580 2079 1629 (cum

672 1652 838 1703 synon).

621 1736 749 1775 Sorex
777 1735 1035 1784 mosclmus,
1065 1737 1242 1785 Gmelin,
1274 1748 1376 1790 εχει.
1408 1740 1494 1777 Lin.
1525 1739 1558 1777 I.
1590 1753 1628 1793 p.
1665 1744 1749 1777 113.
1780 1751 1841 1792 sp.
1873 1743 1910 1777 6.
1941 1738 2077 1778 Schre-

673 1810 760 1859 ber,
791 1816 998 1852 mammal.
1028 1815 1102 1852 III.
1146 1828 1242 1868 pag.
1273 1819 1363 1865 567.
1408 1814 1490 1853 cab.
1528 1821 1614 1864 ¹59·
1643 1814 1802 1859 Pallas,
1839 1812 1944 1852 Νου.
1974 1828 2076 1853 com.

672 1887 830 1941 Petrop.

620 1974 712 2011 Mus
743 1973 954 2027 aquaticus
985 1973 1194 2020 exoticus,
1236 1975 1327 2030 Raj.
1357 1974 1499 2030 quadr.
1531 1989 1628 2029 pag.
1661 1990 1751 2027 217.
1797 1973 1954 2013 Gmelin
1996 1987 2077 2015 sen.

674 2048 778 2087 Nov.
811 2064 912 2088 com.
943 2050 1046 2089 Petr.
1076 2051 1146 2088 IV.
1172 2052 1224 2104 ⁷p.
1257 2056 1347 2089 333.
1378 2051 1461 2090 tab.
1500 2057 1558 2090 13.

620 2135 822 2179 Desman,
865 2136 1027 2187 Buffon.
1059 2139 1148 2175 hist.
1181 2146 1263 2175 nat.
1294 2137 1346 2173 X.
1390 2152 1428 2190 p.
1468 2154 1498 2175 1.
1529 2136 1611 2175 tab.
1650 2154 1681 2175 1.
1725 2134 1930 2174 Galdenst.
1968 2134 2074 2174 Abh-

675 2208 745 2247 der
774 2213 918 2261 natwf.
951 2211 1164 2251 Gesellsclz.
1195 2213 1269 2250 ΠΙ.
1302 2228 1340 2266 p.
1379 2229 1464 2263 107.
1495 2212 1578 2251 tab.
1611 2229 1646 2250 2.

624 2297 739 2347 Long
755 2294 912 2331 -nosed
941 2297 1119 2345 Beaver,
1150 2298 1343 2337 Pennant.
1373 2298 1490 2337 Zool.
1522 2307 1620 2338 aret.
1645 2311 1734 2350 syn.
1759 2296 1901 2349 quadr.
1924 2309 1964 2348 p.
1984 2300 2074 2334 260.

675 2384 714 2407 n.
753 2384 837 2418 192.
