2196 2927
398 154 484 204 516
1165 159 1308 183 ..z—:-

402 264 515 306 xima
544 260 729 316 margine
760 261 869 309 alba,
902 257 1050 299 mediis
1082 257 1240 299 ambitu
1270 257 1516 314 subgryseis.
1580 259 1778 300 Taurices
1807 263 1960 302 caudae
1990 263 2066 303 fus-

400 352 690 393 co-gryseae,
721 338 835 377 fusco
864 336 1116 385 maculatae,
1148 334 1332 389 margine
1365 334 1551 383 albidae3
1582 334 1626 374 in
1657 334 1748 374 aliis
1778 337 2066 387 fuscescentes‚

400 413 550 454 halone
574 412 750 467 margini
777 412 977 468 parallelo
1008 425 1173 466 gryseo,
1203 410 1335 450 limbo
1366 411 1504 460 albae,
1536 411 1676 465 quales
1699 410 1827 450 ctiam
1851 410 1895 450 in
1917 411 2069 454 iisdem

398 489 574 543 remiges
616 499 659 528 et
699 487 892 528 tectrices
931 486 1105 527 intimae
1148 499 1234 526 esse
1277 486 1425 526 solent.
1497 488 1683 540 Remiges
1719 493 1777 527 18.
1816 485 1997 526 extimae
2029 495 2066 528 3.

398 563 662 619 longissimae
682 594 692 611 ‚
732 564 894 603 mediae
926 564 975 603 ab
1007 569 1083 602 ssva
1113 563 1163 602 ad
1204 569 1336 602 16tam
1365 561 1570 602 cordatim
1601 561 1894 615 emarginatae.
1964 564 2069 602 Lon-

392 641 540 696 gitudo
570 639 692 679 maris
723 643 780 679 5⁰.
805 640 872 679 3'‘'.
904 638 1033 678 cauda
1063 639 1120 676 2⁰.
1137 638 1205 687 9‘''.
1236 651 1440 691 expansae
1471 636 1560 676 alae
1598 638 1676 687 14''.
1695 638 1764 687 9'“.
1795 637 1891 675 ulna
1920 637 1980 685 4²2
1998 641 2067 687 9‘s'.

397 713 618 769 longitudo
649 713 768 754 rostri
798 714 848 752 ad
879 712 1028 752 rictum
1057 716 1126 763 9¹⁰.
1159 713 1209 751 ad
1239 726 1355 751 nares
1385 716 1453 752 6'‘'.
1482 711 1613 752 tibiae
1643 716 1734 752 1o'‘'.
1777 709 1901 765 digiti
1940 710 2069 753 antici

398 792 514 842 (cum
542 803 678 844 ungue
711 790 815 841 ΒΨ.)
854 788 944 827 ιο”’.
971 786 1125 842 postici
1174 788 1288 838 (cum
1317 800 1452 841 ungue
1482 787 1589 839 μω.)
1621 788 1706 834 85⁰.

439 872 560 927 145.
650 868 801 911 ALA
827 867 929 910 UD
951 867 990 910 A
1045 867 1364 921 mongoltca.
1422 864 1562 907 TAB.
1601 865 1818 909 XXXIII.
1849 861 1947 924 fig.
1988 866 2035 909 Ι.

533 942 586 981 Α.
617 950 754 994 capite
784 938 1017 992 ferrugineo
1047 938 1153 977 vitta
1195 938 1288 977 alba
1318 935 1483 984 cincto,
1526 936 1707 991 pectoris
1739 937 1899 977 macula
1928 935 2071 977 biloba

397 1016 541 1071 nigra,
571 1013 746 1055 rectrice
777 1012 957 1061 extima,
994 1012 1301 1068 remigibusque
1331 1010 1592 1051 intermediis
1624 1011 1741 1052 albis.

617 1089 821 1131 Calandra
850 1103 946 1128 vera
976 1089 1127 1129 Olinae
1170 1099 1212 1127 et
1254 1085 1437 1126 Bellonii
1484 1086 1625 1141 (falso)
1667 1088 1943 1128 Messerschm.
1986 1087 2071 1129 Ho-

673 1166 803 1218 deget.
834 1164 921 1204 MS.
959 1173 1072 1216 1724.
1099 1165 1205 1204 Mus.
1237 1163 1437 1218 Petropol.
1468 1162 1501 1201 I.
1532 1178 1570 1216 p.
1604 1169 1695 1214 377.
1726 1178 1763 1201 η.
1797 1169 1887 1215 275.

616 1240 782 1281 Alauda
810 1238 1071 1293 mongolica,
1115 1239 1219 1278 Pan.
1249 1242 1334 1277 itin.
1365 1238 1439 1276 III.
1470 1237 1642 1290 append.
1672 1253 1770 1292 pag.
1803 1244 1893 1290 697.
1940 1253 1978 1278 n.
2015 1255 2072 1289 19.

670 1315 766 1354 Act.
797 1316 918 1354 holm.
956 1319 1069 1365 1778.
1099 1329 1137 1367 p.
1171 1328 1261 1351 201.
1296 1311 1380 1351 tab.
1411 1327 1449 1362 7.

538 1393 586 1430 In
615 1387 771 1444 planis,
801 1387 944 1444 siccis,
974 1386 1236 1440 salsuginosis
1260 1384 1468 1425 Dauuriae
1494 1384 1798 1440 transalpinae,
1831 1384 1939 1427 inter
1961 1388 2073 1429 Ono·

401 1480 497 1506 nem
527 1476 570 1504 et
598 1466 813 1518 Argunum
843 1464 881 1502 fl.
911 1462 1128 1516 frequens,
1157 1460 1277 1500 humi
1307 1459 1546 1508 cantillam,
1575 1470 1698 1500 cantu
1727 1460 1945 1516 singulari,
1976 1479 2073 1518 qua·

402 1541 437 1581 si
465 1538 688 1586 interciso;
719 1537 829 1578 circa
860 1538 1077 1591 Selengam
1107 1535 1248 1576 rarior.

535 1616 706 1655 Descr.
763 1612 1046 1666 Magnitudine
1075 1610 1265 1666 proxime
1304 1612 1356 1651 ad
1397 1611 1720 1667 praecedentem
1759 1610 1946 1661 accedit,
1986 1612 2072 1653 fere

400 1693 532 1744 major
560 1692 613 1729 A.
643 1689 873 1737 calandra,
922 1686 989 1727 cui
1020 1700 1280 1741 summopere
1324 1686 1484 1733 affinis,
1527 1687 1599 1725 sed
1637 1686 1920 1726 constantibus
1962 1687 2071 1728 notis

402 1777 444 1806 et
472 1763 747 1806 remotissima
776 1762 909 1818 patria
925 1761 1134 1801 distincta.
1192 1763 1392 1810 Rostrum,
1422 1772 1468 1800 ut
1495 1760 1540 1802 in
1568 1761 1850 1815 praecedenti,
1877 1776 2071 1803 crassum.

402 1841 538 1893 Caput
564 1853 658 1878 cum
688 1837 850 1877 cervice
879 1837 1171 1875 luteo-rufum
1201 1850 1231 1874 s.
1259 1834 1560 1887 ferrugineum,
1590 1833 1791 1873 intensius
1815 1846 1958 1875 vertex
1988 1850 2072 1876 me-

403 1915 474 1954 dio
502 1917 625 1953 litura
655 1912 748 1951 alba
775 1921 967 1959 notatuS,
1005 1909 1243 1964 cinctusque
1273 1914 1377 1950 vitta
1406 1910 1499 1949 alba
1529 1907 1741 1958 annulari,
1772 1924 1899 1963 usque
1930 1911 1980 1950 ad
2009 1926 2071 1951 ro-

402 1999 531 2029 strum
561 1984 813 2027 continuata.
870 1986 1062 2039 Jugulum
1090 1999 1182 2024 area
1210 1999 1383 2039 magna,
1412 1983 1582 2033 biloba,
1613 1982 1743 2038 nigra.
1808 1984 1986 2039 Reliqua
2016 1987 2071 2027 fe-

402 2078 446 2105 re
477 2062 719 2103 calandrae.
781 2062 939 2115 Unguis
965 2059 1148 2114 posticus
1178 2059 1313 2114 digito
1340 2059 1427 2100 fere
1455 2058 1643 2107 brevior,
1684 2059 1756 2099 sed
1785 2074 1964 2111 crassus,
2011 2075 2071 2102 re-

403 2150 514 2188 ctus,
545 2136 757 2192 triqueter.
816 2135 976 2176 Pondus
1003 2133 1230 2176 biunciale.

538 2214 646 2253 Pulli
671 2211 783 2252 Julio
800 2244 810 2259 ‚
852 2211 1038 2251 nondum
1083 2209 1279 2265 perfectis
1307 2208 1486 2265 plumis,
1530 2211 1641 2250 mole
1671 2213 1752 2263 jam
1783 2222 1976 2266 superant
2003 2215 2069 2252 ΛΊ.

404 2293 639 2343 coelipetam
669 2298 790 2342 atque
819 2285 1180 2338 circumvolitant,
1220 2286 1359 2329 colore
1389 2301 1510 2343 supra
1537 2285 1665 2337 fusci,
1701 2286 1890 2342 pallido·
1907 2285 2070 2341 gustati,

403 2365 542 2404 subtus
571 2361 679 2414 albi,
716 2373 886 2418 pectore
915 2361 1129 2403 nebuloso.
