2196 2927
836 185 979 199 ·““““““
1661 189 1746 228 279

76 284 279 326 circulum
308 283 548 324 arteriosum
578 282 844 324 Nuckianum
875 282 1119 338 appellavit,
1152 283 1373 338 aequabili'
1386 286 1530 333 ductu,
1561 287 1650 327 sine
1681 302 1748 326 an-

76 360 272 400 fractibus
302 359 543 415 dispositus3
574 363 712 400 tertius
739 357 1024 406 tenuissimus,
1069 357 1196 412 ipsius
1226 360 1411 414 pupillae
1442 376 1556 401 oram
1585 373 1742 415 tegens,

75 446 117 474 et
147 436 197 475 ab
227 450 298 475 ora
326 434 398 474 vix
435 445 578 489 quarta
615 443 732 487 parte
773 431 908 471 lineae
945 442 1146 479 remotus,
1191 447 1326 486 neque
1368 435 1634 487 Ruyschio
1671 451 1748 477 nec

74 511 238 550 Hovio
269 510 423 557 dictus,
467 506 709 547 tenuissimo
740 506 861 546 serici
890 507 959 546 filo
991 507 1194 560 aequalis,
1240 523 1323 547 non
1353 509 1592 557 continuus,
1622 512 1694 551 sed
1725 526 1747 550 e

75 586 233 625 duobus
263 583 437 625 vasculis
467 581 688 636 oppositiS,
728 582 779 620 ad
808 581 1012 636 pupillam
1048 581 1262 622 bifurcatis
1299 583 1343 622 in
1380 581 1598 623 circularia
1635 600 1751 626 crura

77 659 324 705 efformatis,
354 672 458 712 quae
489 656 591 696 licet
620 655 818 696 extremis
848 657 939 696 fere
964 657 1180 711 contigua,
1216 668 1356 697 tamen
1388 659 1637 698 anastomosi
1668 674 1749 699 non

76 741 248 780 coeunt,
277 735 348 772 sed
378 733 530 771 reflexa
558 746 695 771 versus
727 730 971 771 choro'i'dem
995 744 1220 773 recurrunt.
1281 736 1392 772 Intra
1419 732 1531 773 hunc
1554 733 1750 773 intimum

75 807 277 848 circulum
306 823 447 860 margo
484 806 670 861 pupillae
714 817 903 846 texturae
951 807 1195 848 reticularis.
1267 812 1381 848 Inter
1425 808 1627 848 circulum
1669 823 1754 848 me·

76 882 191 922 dium
221 893 262 921 et
291 882 542 937 pupillarem
571 881 735 921 vascula
764 882 989 921 tenerrima
1018 883 1254 937 serpentina
1285 883 1525 938 aequalibus
1554 883 1751 923 interval-

74 956 126 997 lis
157 956 389 997 discurrunt
425 956 576 1011 partim
614 956 864 1011 pupillarem
902 957 1104 997 circulum
1146 957 1363 1007 intrantia,
1408 958 1561 1013 partim
1598 960 1750 997 reflexa

76 1043 120 1072 et
148 1033 199 1072 ad
230 1031 414 1071 medium
445 1031 647 1071 circulum
676 1031 941 1071 revertentia.
963 1058 1019 1063 --
1047 1036 1094 1071 In
1119 1034 1268 1072 eodem
1296 1034 1471 1073 duorum
1500 1033 1750 1073 circulorum

75 1105 297 1146 intervallo
328 1106 491 1145 vascula
521 1120 655 1145 setosa
685 1105 923 1160 serpentina
951 1106 1129 1161 plurima
1166 1123 1302 1147 versus
1332 1108 1582 1162 pupillarem
1612 1106 1748 1145 sinum

77 1182 318 1228 decurrunt,
351 1179 579 1234 simplicia,
611 1191 653 1219 et
681 1180 835 1234 partim
865 1182 1016 1220 reflexa
1053 1181 1120 1220 via
1159 1183 1211 1221 ad
1249 1182 1384 1221 sinum
1422 1181 1607 1221 medium
1637 1183 1752 1220 rede<

77 1254 207 1295 untia.
264 1255 431 1293 Retinae
461 1252 643 1292 mediam
676 1253 895 1308 sphaeram
924 1254 1057 1309 cingit
1092 1260 1302 1295 vascussum
1330 1256 1601 1310 sanguineum
1630 1260 1754 1296 circu-

76 1333 181 1378 lare,
213 1329 264 1368 ad
294 1329 406 1383 quod
435 1328 600 1368 vascula
630 1329 858 1369 rubicunda
886 1329 1005 1369 nervi
1043 1329 1176 1384 optici
1207 1331 1442 1370 decurrunt.
1465 1355 1519 1360 ——
1549 1333 1751 1369 Humores

80 1403 193 1444 oculi
222 1403 378 1443 vitreus
408 1414 450 1442 et
480 1404 743 1458 crystallinus
774 1405 859 1444 fere
889 1415 933 1444 ut
963 1404 1007 1444 in
1037 1405 1387 1459 quadrupedibus.
1446 1407 1539 1445 Pori
1559 1405 1752 1445 auditorii

81 1478 465 1534 quinquepollicari
507 1480 557 1519 ab
601 1479 723 1519 oculo
766 1478 964 1518 distantia
1006 1494 1143 1519 versus
1185 1479 1333 1534 pinnas
1376 1479 1569 1534 utrinque
1611 1478 1753 1534 positi,

81 1553 235 1602 exiles,
275 1552 462 1599 rotundi,
500 1568 583 1593 non
611 1552 860 1608 prominuli,
896 1552 1006 1592 intra
1043 1553 1149 1593 cutis
1189 1565 1383 1602 stratum,
1426 1568 1508 1607 quo
1552 1553 1758 1607 angustati

82 1639 194 1677 sunt,
233 1627 277 1667 in
315 1639 499 1667 meatum
529 1627 775 1682 ampliorem
804 1627 984 1668 dilatati.
1040 1630 1201 1668 Meatus
1231 1629 1457 1668 auditor-ius
1485 1627 1757 1668 carneo-adi·

82 1719 226 1759 posus,
265 1701 389 1742 initio
428 1701 552 1757 digiti
589 1701 795 1749 crassitie,
833 1702 1109 1758 cylindricus‚
1147 1702 1259 1741 intus
1296 1702 1543 1757 papillosus,
1578 1701 1758 1757 tripolli-

85 1778 170 1818 cari
199 1776 463 1831 longitudine
491 1776 792 1832 pinguedinem
821 1789 934 1818 recta
973 1778 1226 1833 pervadens,
1264 1776 1362 1816 dein
1401 1788 1607 1825 arcuatus,
1646 1777 1757 1816 mole

88 1852 294 1901 dilatatus,
325 1853 435 1892 intus
458 1852 569 1907 poris
585 1851 716 1892 tribus
738 1852 1111 1906 longitudinalibus
1142 1850 1382 1900 connivens,
1414 1851 1653 1906 disparique
1671 1853 1761 1891 sub-

87 1926 238 1966 stantia
267 1927 560 1981 sesquipollice
590 1939 710 1967 extus
739 1928 1020 1977 continuatus,
1061 1926 1171 1967 circa
1208 1925 1436 1979 marginem
1473 1925 1760 1966 conchoideae

90 2000 218 2055 partis
254 2000 354 2040 ossis
388 2002 543 2055 petrosi
582 2001 827 2042 adnectitur.
893 2003 1029 2042 Portio
1066 2012 1175 2041 recta
1212 2012 1368 2040 meatus
1406 2010 1567 2039 constat
1606 2004 1760 2052 vagina

91 2086 264 2115 externa
303 2090 455 2121 crassa,
491 2075 733 2123 musculari,
778 2076 944 2116 lacertis
981 2074 1376 2130 longitudinalibus,
1412 2073 1593 2128 telisque
1631 2073 1765 2114 tendi-

92 2150 505 2190 neo-membranosis
534 2161 576 2189 et
605 2150 815 2190 cellulosis
845 2161 1061 2196 contexta3
1104 2149 1294 2202 intraque
1325 2147 1433 2189 hanc
1463 2148 1676 2203 vaginam,
1709 2149 1765 2189 al-

94 2237 182 2266 tera
212 2226 263 2265 ad
295 2226 362 2266 δ”.
393 2239 543 2271 crassa,
576 2224 765 2279 adiposa,
796 2223 1018 2263 albissima.
1076 2225 1218 2264 Altera
1249 2238 1342 2277 pars
1366 2234 1545 2272 meatus,
1578 2223 1765 2264 conchae

97 2302 281 2348 adnexa,
313 2310 474 2339 constat
504 2299 642 2339 tubulo
672 2298 794 2347 exili,
831 2299 953 2353 plane
984 2297 1118 2338 libero
1147 2298 1255 2338 intra
1291 2296 1458 2338 thecam
1488 2299 1765 2354 compositam

99 2388 122 2415 e
153 2373 314 2430 duplici
342 2373 495 2414 lamina
533 2374 732 2415 tendineo
755 2398 767 2404 —
789 2375 1094 2424 membranosa,
1141 2373 1524 2431 cartilaginibusque
1552 2372 1761 2415 flexilibus
