2196 2927
381 187 469 228 412
1153 186 1298 212 ΞΕ

377 285 460 327 nisi
488 285 531 326 in
562 285 673 326 collo
704 296 745 326 et
774 284 915 326 medio
944 295 1127 341 pectore.
1192 285 1408 327 Abdomen
1446 286 1617 336 abens,
1662 290 1831 328 crissum
1859 288 2064 330 intensius

380 360 708 404 cinnabarinum.
769 363 914 404 cauda
956 361 1202 403 rectricibus
1244 360 1396 402 mediis
1437 361 1736 411 imina‘alatis;
1781 363 1970 407 laterales
2014 367 2066 406 ab

380 437 498 493 apice
527 437 680 477 sensim
710 439 882 480 ulterius
913 439 1010 480 albo
1040 438 1287 478 maculatae.
1358 438 1524 479 Femina
1566 439 1724 480 vertice
1754 439 1896 495 nigro,
1939 440 2066 482 crisso

379 513 582 553 intensius
613 513 903 565 cinnabarino,
949 514 1022 555 vix
1053 514 1188 554 minor
1217 531 1340 555 mare.
1399 516 1591 556 Mensura
1618 516 1669 556 ad
1698 515 1950 571 uropygium
1985 523 2066 556 11''.

377 591 535 630 caudae
579 592 636 631 3⁹.
682 592 751 632 6''‘.
795 590 918 632 rostri
961 592 1012 632 ad
1054 591 1235 631 frontem
1285 590 1338 630 1''.
1383 592 1469 634 63¹².
1511 591 1633 632 ulnae
1678 591 1837 632 alarum
1879 593 1939 633 5“.
1978 598 2067 646 ὅς’.

378 665 577 706 tibiarum
607 672 675 719 9“‘.

873 746 957 790 65.
1048 747 1083 788 P
1112 747 1130 788 I
1159 744 1198 789 C
1228 746 1269 789 U
1298 747 1325 788 S
1399 748 1575 790 Cissa.

517 821 560 858 P.
592 817 686 858 albo
718 818 920 874 nigroque
952 817 1106 867 varius,
1138 817 1265 858 crisso
1296 817 1562 874 occipiteque
1592 819 1715 860 maris
1744 819 1898 866 rubris,
1927 819 2067 860 tectri‘

379 892 496 935 cibus
525 893 734 950 primariis
764 894 902 934 fuscis.

601 969 720 1010 Picus
750 968 886 1010 varius
917 972 1066 1024 major,
1105 970 1324 1024 Willughb.
1356 972 1500 1010 ornith.
1529 986 1626 1026 pag.
1658 979 1721 1021 94.
1763 971 1847 1011 tab.
1881 987 1944 1011 21.
1975 971 2066 1027 Raj.

650 1062 744 1101 syn.
778 1063 843 1088 av.
874 1064 913 1103 p.
937 1054 1003 1097 43.
1034 1062 1073 1086 η.
1104 1055 1142 1096 4.
1174 1047 1327 1087 Frisch.
1359 1063 1424 1088 av.
1455 1047 1540 1087 tab.
1562 1054 1627 1088 36.
1658 1061 1745 1086 mas
1775 1046 1912 1087 Albin.
1942 1061 2007 1086 av.
2035 1047 2069 1086 I.

654 1124 738 1164 tab.
777 1142 835 1175 19.
873 1124 1053 1164 Brisson.
1085 1138 1168 1163 orn.
1198 1123 1270 1163 IV.
1313 1139 1351 1179 p.
1384 1130 1449 1174 34.
1485 1138 1545 1179 sp.
1584 1130 1643 1164 13.
1673 1124 1861 1163 Latham.
1891 1137 1984 1176 syn.
2013 1122 2068 1162 II.

654 1215 750 1254 pag.
783 1206 876 1250 564.
906 1215 943 1239 n.
982 1215 1040 1239 12.
1666 1184 1677 1190 μ

598 1273 719 1314 Picus
749 1278 899 1329 major,
932 1277 1020 1314 Lin.
1050 1284 1155 1327 syst.
1186 1275 1240 1312 II.
1272 1289 1311 1329 p.
1350 1280 1436 1325 176.
1465 1288 1526 1328 sp.
1565 1291 1624 1326 17.
1655 1273 1774 1315 Zool.
1804 1272 1895 1312 brit.
1927 1288 1967 1328 p.
1999 1289 2066 1324 79.

651 1365 713 1405 sp.
746 1367 782 1390 2.
813 1350 898 1390 tab.
928 1352 978 1389 E.
1009 1350 1169 1404 Scopol.
1202 1364 1294 1389 ann.
1325 1350 1357 1389 I.
1389 1365 1428 1403 p.
1459 1357 1526 1400 47.

599 1423 857 1481 L'Epeiche‚
888 1426 1053 1478 Buffbn.
1085 1439 1168 1464 orn.
1202 1425 1292 1464 VII.
1325 1439 1364 1478 p.
1396 1431 1460 1477 57.
1503 1423 1720 1464 D’aubent.
1769 1427 1820 1463 ic.
1864 1422 1947 1463 tab.
1985 1429 2072 1475 196.

655 1504 802 1555 (mas),
835 1508 927 1552 595.
959 1501 1125 1554 (foem.)

517 1577 624 1618 Cum
664 1578 944 1632 praecedente
986 1591 1061 1632 per
1103 1590 1272 1616 omnem
1319 1575 1510 1617 Rossiam
1560 1586 1603 1616 et
1650 1573 1848 1615 Sibiriam
1895 1574 1940 1615 in
1992 1575 2071 1630 syl-

382 1652 463 1700 vis,
501 1667 675 1707 quarum
720 1651 904 1693 maxime
945 1651 1090 1708 pineas
1132 1662 1175 1693 et
1211 1652 1417 1707 larycinas
1448 1663 1578 1702 amat,
1620 1652 1837 1707 frequens,
1878 1665 1956 1692 nec
1986 1665 2072 1690 mo-

379 1728 491 1770 ribus
522 1728 722 1769 diversus.

517 1805 688 1844 Descr.
746 1803 930 1849 Pondus,
973 1801 1102 1842 etiam
1143 1802 1359 1849 masculis,
1402 1801 1509 1842 infra
1537 1813 1620 1842 tres
1650 1801 1794 1843 uncias
1842 1798 2070 1840 consistere

381 1879 505 1928 solet,
538 1878 745 1919 rarissime
777 1888 961 1932 superat,
995 1877 1182 1931 adeoque
1216 1879 1310 1917 vere
1339 1876 1476 1917 minor
1505 1877 1806 1932 praecedente,
1847 1875 1951 1915 licet
1979 1877 2069 1931 plu-

382 1954 536 1994 mosior
565 1954 637 2004 sit,
681 1953 864 2008 ideoque
906 1957 1036 2007 major
1067 1951 1344 2007 ornithologis
1375 1952 1528 1993 audiat.
1601 1954 1725 1994 Color
1770 1963 1856 1992 ater
1897 1951 1943 1990 in
1986 1950 2070 1993 hoe

382 2030 513 2070 multo
542 2028 765 2078 intensior,
806 2027 1083 2083 nitidiorque‚
1128 2044 1254 2084 quam
1282 2028 1327 2068 in
1358 2028 1569 2079 affinibus,
1616 2039 1657 2069 at
1685 2027 1880 2068 tectrices
1910 2028 2069 2068 alarum

381 2105 629 2162 primariae,
679 2117 842 2161 praeter
884 2104 1113 2153 extimam,
1161 2104 1493 2145 exsoletissimae
1539 2116 1581 2145 et
1622 2103 2068 2158 fuscescenti-nigrae.

382 2183 572 2223 Rostrum
599 2180 790 2231 brevius,
821 2182 893 2221 sed
923 2180 1150 2230 robustius,
1182 2179 1444 2236 nigriusque,
1477 2181 1612 2222 minus
1643 2192 1784 2236 argute
1815 2180 2066 2234 angulatum,

384 2273 508 2312 quam
538 2257 581 2308 in
612 2258 902 2313 praecedente.
962 2258 1000 2297 V
999 2257 1167 2297 ibrissae
1194 2256 1350 2312 nigrae.
1417 2258 1543 2298 Frons·
1569 2272 1701 2313 usque
1730 2258 1783 2297 ad
1811 2257 1953 2297 oculos
1981 2255 2065 2294 late

384 2333 498 2379 alba,
528 2344 570 2373 et
600 2332 799 2374 continua
829 2348 922 2374 area
950 2333 1081 2373 latera
1111 2332 1261 2388 capitis
1290 2348 1511 2388 occupanS.
1578 2335 1616 2374 A
1647 2333 1738 2374 loro
1767 2331 1962 2373 continua
1991 2329 2064 2368 fas-

385 2403 449 2446 cia
479 2408 636 2448 cervici
665 2409 772 2451 infra
801 2409 983 2453 nucham
1014 2423 1227 2457 connexa,
1268 2424 1345 2464 per
1386 2409 1489 2451 colli
1526 2409 1655 2450 latera
1674 2423 1811 2464 ‘usque
1842 2407 1894 2446 ad
1922 2416 2066 2460 pectus
