2196 2927
883 201 1027 214 ”“-““
1703 204 1789 246 309

112 306 192 361 jori
220 317 336 362 parte
367 317 491 345 atrae.
565 306 709 345 Gauda
740 301 814 343 alis
841 300 1027 349 brevior,
1072 297 1209 354 strigis
1238 303 1478 343 transversis
1508 304 1631 344 rectis
1661 303 1785 358 nigri*

113 382 323 431 cantibus,
355 382 504 421 mediis
534 380 679 435 pennis
710 375 947 433 pulveratis.
978 400 1025 406 —-
1055 376 1184 415 [rides
1214 376 1410 424 cstrinae,
1438 391 1483 419 ut
1513 380 1708 422 Bubonis.
1733 405 1787 413 ——-

114 458 342 511 Longitudo
374 459 423 497 ab
453 470 558 495 unco
587 455 639 493 ad
670 451 918 507 uropygium
961 454 1020 490 δ”.
1067 451 1135 489 2'“.
1207 451 1374 491 Caudae
1416 458 1476 493 5s'.
1520 456 1588 495 3²²².
1632 455 1787 496 alarum

115 547 388 587 expansarum
419 537 465 570 ρ’.
496 529 553 570 δ”.
592 530 681 567 10“'.
740 527 874 566 Ulnae
907 525 1064 565 alarum
1099 527 1179 565 11''.
1250 527 1344 565 Mas
1373 538 1414 566 et
1433 529 1588 579 femina
1618 530 1785 579 aurita-e„

112 622 187 662 per
229 607 367 646 onmia
418 604 587 645 similes.
662 601 836 642 Femina
885 600 1011 655 paulo
1065 600 1335 656 ponderosior
1386 601 1535 642 libram
1584 604 1790 644 medicam

114 683 353 736 subaequat⁸

551 764 595 804 3.
686 760 713 801 S
742 758 786 800 T
815 759 853 800 R
881 759 917 801 Y
946 758 988 800 X
1077 758 1356 813 Aegolins.

233 833 272 871 S.
303 830 512 872 subaurita
542 832 656 870 fulvo
686 829 816 878 varia,
848 829 1005 884 remige
1035 828 1192 868 extima
1221 839 1374 868 serrata
1403 830 1516 877 alba,
1546 829 1788 871 rectricibus

110 904 375 948 intermediis
405 905 616 955 ocellatis,
648 905 773 945 litura
802 918 910 959 pone
941 904 1083 944 oculos
1114 915 1212 943 atra.

329 983 435 1022 Otus
464 979 725 1021 bubonoides
762 980 866 1019 alter
900 979 968 1019 vel
1004 982 1169 1019 Noctua
1198 990 1394 1020 montana
1424 980 1560 1021 minor
1589 980 1792 1035 Kirgisica

387 1055 519 1096 aurita
549 1057 825 1096 Messerschm.
856 1056 975 1094 Diar.
1004 1055 1094 1093 MS.

329 1132 453 1185 Stryx
491 1130 676 1170 breviter
707 1128 858 1178 aurita,
890 1130 1007 1170 Zool.
1040 1130 1185 1169 britan.
1217 1146 1394 1184 pag-71·
1425 1146 1486 1186 sp.
1519 1148 1554 1170 ε.
1589 1131 1672 1171 tab.
1702 1132 1736 1170 B
1755 1138 1791 1172 3.

383 1216 421 1245 et
450 1207 540 1254 134.
560 1206 644 1258 fig.
678 1221 715 1244 2.
762 1204 880 1244 Zool.
923 1214 1021 1244 aret.
1051 1206 1105 1243 II.
1149 1221 1245 1259 pag.
1278 1222 1370 1256 229.
1412 1206 1597 1246 Latham.
1638 1221 1730 1259 syn.
1760 1208 1792 1245 I.

385 1295 481 1336 pag.
520 1288 605 1329 124.
636 1295 697 1333 sp.
729 1297 766 1331 9.

222 1354 457 1399 Calmuccis
488 1355 842 1394 Ooli-Schabuhn
871 1357 1088 1407 (Montana
1118 1353 1239 1406 avis).
1297 1354 1503 1409 Tungusis
1530 1356 1792 1412 Nupkchtun.

275 1429 506 1479 Samojedis
536 1431 830 1484 Chaneptschu.
898 1428 1080 1469 Ostiacis
1123 1430 1317 1474 Munddl;
1360 1430 1412 1469 ad
1439 1430 1651 1470 Jeniseam
1680 1433 1795 1472 Alle-

273 1506 452 1546 shattud.
540 1503 750 1546 Camtsch.
802 1502 994 1544 Ukintzis
1050 1505 1414 1551 TschicitschitstH
1456 1506 1788 1547 occidentalibus

274 1582 492 1636 Sippucha.

248 1659 296 1695 In
327 1655 474 1695 Russia
503 1654 611 1695 mihi
640 1669 850 1709 nunquam
879 1654 1039 1701 oblata,
1068 1669 1147 1696 nec
1177 1655 1340 1706 audita,
1379 1671 1462 1697 non
1485 1668 1625 1697 tamen
1649 1658 1791 1697 deesse

111 1730 372 1786 negaverim,
403 1746 529 1785 quum
558 1730 603 1769 in
631 1730 786 1784 Anglia
815 1732 866 1770 ab
895 1726 1084 1770 Amiciss.
1114 1731 1359 1781 Pennant,
1406 1731 1450 1771 in
1481 1732 1627 1786 Belgio
1658 1748 1680 1771 a
1709 1747 1791 1772 me-

110 1805 202 1860 ipso
230 1806 440 1860 quondam
472 1807 686 1845 observata
716 1805 782 1845 sit.
841 1808 1050 1860 Frequens
1081 1820 1178 1845 vero
1216 1818 1278 1846 est
1318 1806 1365 1846 in
1413 1806 1567 1847 Sibiria
1608 1807 1790 1847 maxime

110 1880 271 1920 boreali
300 1892 342 1920 et
380 1880 590 1935 sylvestri,
635 1880 904 1936 omniumque
951 1881 1204 1921 creberrime
1247 1893 1440 1937 apparet,
1481 1893 1608 1923 noctu
1646 1884 1790 1923 crebro

114 1955 166 1994 ad
196 1954 397 1995 excitatos
433 1955 550 2010 ignes
581 1956 798 2004 advolans,
845 1967 965 2010 atque
1003 1955 1221 1996 hominem
1249 1957 1377 1996 muris
1406 1957 1626 1997 stridorem
1654 1956 1790 1997 imita-

113 2040 249 2068 turum
279 2030 382 2069 adeo
412 2032 607 2070 audacter
633 2030 861 2084 impetens,
908 2041 954 2069 ut
994 2031 1144 2070 baculo
1187 2030 1311 2071 facile
1346 2031 1485 2071 occidi
1513 2043 1640 2086 queat
1668 2043 1710 2071 et
1739 2046 1792 2072 ex

113 2103 341 2158 improviso
371 2120 492 2160 saepe
521 2107 608 2145 fere
649 2104 779 2160 capiti
821 2104 1015 2145 insideat.
1088 2109 1135 2144 In
1164 2105 1462 2146 excelsioribus
1492 2106 1616 2146 ramis
1645 2108 1792 2148 sedens

114 2178 272 2219 collisis
301 2179 484 2218 maxillis
514 2179 694 2233 graviter
723 2180 915 2218 frendens
946 2179 1185 2227 exauditum
1219 2194 1340 2235 saepe
1370 2192 1481 2220 recta
1509 2196 1667 2222 sursum
1695 2197 1791 2224 evo·

112 2254 222 2301 lans,
265 2255 333 2293 vel
374 2254 418 2293 in
462 2255 628 2294 dorsum
666 2257 849 2309 projecta
879 2254 962 2293 alas
993 2253 1175 2307 agitans,
1223 2269 1371 2295 vocem
1399 2255 1523 2296 iterat
1552 2257 1793 2298 feralem—

113 2329 424 2375 Hu-bu-buu‚
465 2330 594 2369 ferme
624 2332 800 2384 Upupae
843 2329 1050 2378 similem,
1093 2330 1166 2369 sed
1208 2329 1434 2371 tristiorem
1476 2343 1517 2372 et
1560 2332 1790 2374 fortiorem.

113 2406 159 2444 M
168 2420 187 2446 e
197 2419 216 2444 s
225 2419 243 2445 s
253 2419 272 2445 e
281 2420 326 2445 rs
337 2420 358 2445 c
370 2407 394 2445 h
405 2409 464 2445 mi
476 2406 503 2445 d
513 2410 525 2445 ι’
536 2422 561 2447 u
570 2421 589 2446 s
616 2403 803 2461 prodidit
814 2435 824 2455 ,
869 2403 977 2445 circa
1020 2404 1321 2446 Monasterium
1349 2409 1586 2449 Lostschino
1600 2432 1613 2437 —
1630 2408 1790 2449 borslzoi
