<?xml version="1.0" encoding="UTF-8"?>
<!DOCTYPE html PUBLIC "-//W3C//DTD XHTML 1.0 Transitional//EN"
    "http://www.w3.org/TR/xhtml1/DTD/xhtml1-transitional.dtd">
<html xmlns="http://www.w3.org/1999/xhtml" xml:lang="en" lang="en">
 <head>
  <title>
</title>
<meta http-equiv="Content-Type" content="text/html;charset=utf-8" />
  <meta name='ocr-system' content='tesseract 3.04.00' />
  <meta name='ocr-capabilities' content='ocr_page ocr_carea ocr_par ocr_line ocrx_word'/>
</head>
<body>
  <div class='ocr_page' id='page_1' title='image "./zoographiarossoa11831pall_0043.png"; bbox 0 0 2196 2927; ppageno 0'>
   <div class='ocr_carea' id='block_1_1' title="bbox 892 179 1798 220">
    <p class='ocr_par' dir='ltr' id='par_1_1' title="bbox 892 179 1798 220">
     <span class='ocr_line' id='line_1_1' title="bbox 892 179 1798 220; baseline 0 -16"><span class='ocrx_word' id='word_1_1' title='bbox 892 179 1034 205; x_wconf 60' lang='grc' dir='ltr'>..Ε-ΞΖ.-</span> <span class='ocrx_word' id='word_1_2' title='bbox 1747 184 1798 220; x_wconf 73' lang='lat'>13</span> 
     </span>
    </p>
   </div>
   <div class='ocr_carea' id='block_1_2' title="bbox 134 277 1802 635">
    <p class='ocr_par' dir='ltr' id='par_1_2' title="bbox 134 277 1802 635">
     <span class='ocr_line' id='line_1_2' title="bbox 137 277 1799 337; baseline -0.002 -11"><span class='ocrx_word' id='word_1_3' title='bbox 137 286 404 327; x_wconf 73' lang='lat' dir='ltr'>conveniunt.</span> <span class='ocrx_word' id='word_1_4' title='bbox 466 279 730 325; x_wconf 76' lang='lat' dir='ltr'>Conveniunt</span> <span class='ocrx_word' id='word_1_5' title='bbox 757 277 884 320; x_wconf 86' lang='lat' dir='ltr'>etiam</span> <span class='ocrx_word' id='word_1_6' title='bbox 921 279 965 318; x_wconf 88' lang='lat' dir='ltr'>in</span> <span class='ocrx_word' id='word_1_7' title='bbox 1001 293 1051 319; x_wconf 88' lang='lat' dir='ltr'>eo</span> <span class='ocrx_word' id='word_1_8' title='bbox 1087 279 1306 335; x_wconf 82' lang='lat' dir='ltr'>pleraeque</span> <span class='ocrx_word' id='word_1_9' title='bbox 1344 283 1454 337; x_wconf 86' lang='lat' dir='ltr'>quod</span> <span class='ocrx_word' id='word_1_10' title='bbox 1490 285 1646 323; x_wconf 70' lang='lat' dir='ltr'>catulos</span> <span class='ocrx_word' id='word_1_11' title='bbox 1681 296 1799 337; x_wconf 72' lang='lat' dir='ltr'>gene</span> 
     </span>
     <span class='ocr_line' id='line_1_3' title="bbox 136 353 1800 413; baseline -0.002 -13"><span class='ocrx_word' id='word_1_12' title='bbox 136 372 227 401; x_wconf 86' lang='lat' dir='ltr'>rent</span> <span class='ocrx_word' id='word_1_13' title='bbox 255 375 393 401; x_wconf 78' lang='lat' dir='ltr'>coccos</span> <span class='ocrx_word' id='word_1_14' title='bbox 421 371 463 399; x_wconf 89' lang='lat' dir='ltr'>et</span> <span class='ocrx_word' id='word_1_15' title='bbox 491 359 613 413; x_wconf 89' lang='lat' dir='ltr'>quod,</span> <span class='ocrx_word' id='word_1_16' title='bbox 643 356 743 396; x_wconf 90' lang='lat' dir='ltr'>licet</span> <span class='ocrx_word' id='word_1_17' title='bbox 771 353 1058 394; x_wconf 75' lang='lat' dir='ltr'>vivacissimae</span> <span class='ocrx_word' id='word_1_18' title='bbox 1088 364 1130 393; x_wconf 87' lang='lat' dir='ltr'>et</span> <span class='ocrx_word' id='word_1_19' title='bbox 1159 355 1381 395; x_wconf 79' lang='lat' dir='ltr'>admodum</span> <span class='ocrx_word' id='word_1_20' title='bbox 1406 356 1637 407; x_wconf 78' lang='lat' dir='ltr'>electricae,</span> <span class='ocrx_word' id='word_1_21' title='bbox 1663 369 1800 398; x_wconf 69' lang='lat' dir='ltr'>tamen</span> 
     </span>
     <span class='ocr_line' id='line_1_4' title="bbox 136 429 1796 489; baseline -0.002 -14"><span class='ocrx_word' id='word_1_22' title='bbox 136 452 158 475; x_wconf 87' lang='lat' dir='ltr'>a</span> <span class='ocrx_word' id='word_1_23' title='bbox 186 435 412 489; x_wconf 84' lang='lat' dir='ltr'>perexigua</span> <span class='ocrx_word' id='word_1_24' title='bbox 450 432 540 474; x_wconf 89' lang='lat' dir='ltr'>dosi</span> <span class='ocrx_word' id='word_1_25' title='bbox 576 435 687 471; x_wconf 81' lang='lat' dir='ltr'>nucis</span> <span class='ocrx_word' id='word_1_26' title='bbox 724 434 925 477; x_wconf 82' lang='lat' dir='ltr'>vomicae,</span> <span class='ocrx_word' id='word_1_27' title='bbox 967 440 1164 484; x_wconf 81' lang='lat' dir='ltr'>tanquam</span> <span class='ocrx_word' id='word_1_28' title='bbox 1201 429 1392 484; x_wconf 87' lang='lat' dir='ltr'>specifice</span> <span class='ocrx_word' id='word_1_29' title='bbox 1435 432 1632 474; x_wconf 69' lang='lat' dir='ltr'>lethifero</span> <span class='ocrx_word' id='word_1_30' title='bbox 1672 434 1796 474; x_wconf 56' lang='lat' dir='ltr'>omni&gt;</span> 
     </span>
     <span class='ocr_line' id='line_1_5' title="bbox 134 504 1802 560; baseline -0.001 -10"><span class='ocrx_word' id='word_1_31' title='bbox 134 511 208 550; x_wconf 86' lang='lat' dir='ltr'>bus</span> <span class='ocrx_word' id='word_1_32' title='bbox 245 509 539 556; x_wconf 0' lang='lat' dir='ltr'>feris veneno,</span> <span class='ocrx_word' id='word_1_33' title='bbox 571 505 689 546; x_wconf 87' lang='lat' dir='ltr'>illico</span> <span class='ocrx_word' id='word_1_34' title='bbox 717 506 939 546; x_wconf 82' lang='lat' dir='ltr'>convulsae</span> <span class='ocrx_word' id='word_1_35' title='bbox 978 504 1205 544; x_wconf 88' lang='lat' dir='ltr'>moriantur</span> <span class='ocrx_word' id='word_1_36' title='bbox 1243 516 1284 544; x_wconf 89' lang='lat' dir='ltr'>et</span> <span class='ocrx_word' id='word_1_37' title='bbox 1321 505 1461 544; x_wconf 81' lang='lat' dir='ltr'>statim</span> <span class='ocrx_word' id='word_1_38' title='bbox 1496 519 1587 560; x_wconf 76' lang='lat' dir='ltr'>post</span> <span class='ocrx_word' id='word_1_39' title='bbox 1627 520 1802 548; x_wconf 82' lang='lat' dir='ltr'>mortem</span> 
     </span>
     <span class='ocr_line' id='line_1_6' title="bbox 134 579 1793 635; baseline -0.002 -9"><span class='ocrx_word' id='word_1_40' title='bbox 134 600 302 625; x_wconf 90' lang='lat' dir='ltr'>omnem</span> <span class='ocrx_word' id='word_1_41' title='bbox 330 597 560 631; x_wconf 85' lang='lat' dir='ltr'>nervorum,</span> <span class='ocrx_word' id='word_1_42' title='bbox 593 581 729 621; x_wconf 89' lang='lat' dir='ltr'>cordis</span> <span class='ocrx_word' id='word_1_43' title='bbox 767 592 890 635; x_wconf 84' lang='lat' dir='ltr'>atque</span> <span class='ocrx_word' id='word_1_44' title='bbox 928 580 1207 620; x_wconf 87' lang='lat' dir='ltr'>musculorum</span> <span class='ocrx_word' id='word_1_45' title='bbox 1237 579 1566 620; x_wconf 84' lang='lat' dir='ltr'>irritabilitatem</span> <span class='ocrx_word' id='word_1_46' title='bbox 1591 582 1793 632; x_wconf 68' lang='lat' dir='ltr'>amittant,</span> 
     </span>
    </p>
   </div>
   <div class='ocr_carea' id='block_1_3' title="bbox 135 654 1732 714">
    <p class='ocr_par' dir='ltr' id='par_1_3' title="bbox 135 654 1732 714">
     <span class='ocr_line' id='line_1_7' title="bbox 135 654 1732 714; baseline -0.003 -15"><span class='ocrx_word' id='word_1_47' title='bbox 135 658 354 714; x_wconf 75' lang='lat' dir='ltr'>superstite</span> <span class='ocrx_word' id='word_1_48' title='bbox 374 669 526 707; x_wconf 85' lang='lat' dir='ltr'>tamen,</span> <span class='ocrx_word' id='word_1_49' title='bbox 545 658 657 712; x_wconf 85' lang='lat' dir='ltr'>quod</span> <span class='ocrx_word' id='word_1_50' title='bbox 672 655 836 705; x_wconf 87' lang='lat' dir='ltr'>mirum,</span> <span class='ocrx_word' id='word_1_51' title='bbox 861 654 1120 711; x_wconf 86' lang='lat' dir='ltr'>peristaltico</span> <span class='ocrx_word' id='word_1_52' title='bbox 1143 654 1235 695; x_wconf 80' lang='lat' dir='ltr'>tubi</span> <span class='ocrx_word' id='word_1_53' title='bbox 1257 654 1509 695; x_wconf 80' lang='lat' dir='ltr'>intestinalis</span> <span class='ocrx_word' id='word_1_54' title='bbox 1534 667 1663 695; x_wconf 78' lang='lat' dir='ltr'>motu.</span> <span class='ocrx_word' id='word_1_55' title='bbox 1692 662 1732 709; x_wconf 66' lang='lat'>³²³²)</span> 
     </span>
    </p>
   </div>
   <div class='ocr_carea' id='block_1_4' title="bbox 125 763 1801 1195">
    <p class='ocr_par' dir='ltr' id='par_1_4' title="bbox 125 763 1801 1195">
     <span class='ocr_line' id='line_1_8' title="bbox 265 763 1800 819; baseline -0.001 -13"><span class='ocrx_word' id='word_1_56' title='bbox 265 766 487 807; x_wconf 78' lang='lat' dir='ltr'>Caeterum</span> <span class='ocrx_word' id='word_1_57' title='bbox 524 765 637 804; x_wconf 87' lang='lat' dir='ltr'>nulla</span> <span class='ocrx_word' id='word_1_58' title='bbox 675 780 698 805; x_wconf 91' lang='lat' dir='ltr'>e</span> <span class='ocrx_word' id='word_1_59' title='bbox 736 767 930 805; x_wconf 83' lang='lat' dir='ltr'>Ferarum</span> <span class='ocrx_word' id='word_1_60' title='bbox 967 764 1112 804; x_wconf 87' lang='lat' dir='ltr'>ordine</span> <span class='ocrx_word' id='word_1_61' title='bbox 1148 763 1382 813; x_wconf 76' lang='lat' dir='ltr'>Animalia,</span> <span class='ocrx_word' id='word_1_62' title='bbox 1429 775 1572 819; x_wconf 80' lang='lat' dir='ltr'>utpote</span> <span class='ocrx_word' id='word_1_63' title='bbox 1618 764 1800 804; x_wconf 79' lang='lat' dir='ltr'>maxime</span> 
     </span>
     <span class='ocr_line' id='line_1_9' title="bbox 129 838 1800 895; baseline -0.001 -14"><span class='ocrx_word' id='word_1_64' title='bbox 129 840 338 882; x_wconf 84' lang='lat' dir='ltr'>calorifica</span> <span class='ocrx_word' id='word_1_65' title='bbox 366 852 408 881; x_wconf 88' lang='lat' dir='ltr'>et</span> <span class='ocrx_word' id='word_1_66' title='bbox 437 839 571 881; x_wconf 87' lang='lat' dir='ltr'>nobili</span> <span class='ocrx_word' id='word_1_67' title='bbox 601 841 712 895; x_wconf 87' lang='lat' dir='ltr'>pelle</span> <span class='ocrx_word' id='word_1_68' title='bbox 741 841 838 888; x_wconf 83' lang='lat' dir='ltr'>fota,</span> <span class='ocrx_word' id='word_1_69' title='bbox 869 838 1057 894; x_wconf 77' lang='lat' dir='ltr'>hyemali</span> <span class='ocrx_word' id='word_1_70' title='bbox 1087 838 1237 893; x_wconf 84' lang='lat' dir='ltr'>frigore</span> <span class='ocrx_word' id='word_1_71' title='bbox 1261 839 1588 889; x_wconf 69' lang='lat' dir='ltr'>obdormiscunt,</span> <span class='ocrx_word' id='word_1_72' title='bbox 1622 851 1665 879; x_wconf 91' lang='lat' dir='ltr'>ut</span> <span class='ocrx_word' id='word_1_73' title='bbox 1688 856 1710 879; x_wconf 69' lang='lat' dir='ltr'>e</span> <span class='ocrx_word' id='word_1_74' title='bbox 1735 842 1800 880; x_wconf 87' lang='lat' dir='ltr'>Se-</span> 
     </span>
     <span class='ocr_line' id='line_1_10' title="bbox 128 914 1801 971; baseline -0.001 -15"><span class='ocrx_word' id='word_1_75' title='bbox 128 915 285 956; x_wconf 83' lang='lat' dir='ltr'>miferis</span> <span class='ocrx_word' id='word_1_76' title='bbox 313 927 356 955; x_wconf 85' lang='lat' dir='ltr'>et</span> <span class='ocrx_word' id='word_1_77' title='bbox 384 915 556 970; x_wconf 80' lang='lat' dir='ltr'>gliribus</span> <span class='ocrx_word' id='word_1_78' title='bbox 585 914 800 971; x_wconf 84' lang='lat' dir='ltr'>plurimae,</span> <span class='ocrx_word' id='word_1_79' title='bbox 833 914 911 955; x_wconf 90' lang='lat' dir='ltr'>soli</span> <span class='ocrx_word' id='word_1_80' title='bbox 939 915 1034 955; x_wconf 85' lang='lat' dir='ltr'>Ursi</span> <span class='ocrx_word' id='word_1_81' title='bbox 1062 925 1105 954; x_wconf 90' lang='lat' dir='ltr'>et</span> <span class='ocrx_word' id='word_1_82' title='bbox 1132 915 1285 964; x_wconf 86' lang='lat' dir='ltr'>Meles,</span> <span class='ocrx_word' id='word_1_83' title='bbox 1324 925 1369 954; x_wconf 85' lang='lat' dir='ltr'>ut</span> <span class='ocrx_word' id='word_1_84' title='bbox 1397 926 1439 955; x_wconf 90' lang='lat' dir='ltr'>et</span> <span class='ocrx_word' id='word_1_85' title='bbox 1468 914 1699 955; x_wconf 72' lang='lat' dir='ltr'>Phocarum</span> <span class='ocrx_word' id='word_1_86' title='bbox 1731 915 1801 955; x_wconf 89' lang='lat' dir='ltr'>ali-</span> 
     </span>
     <span class='ocr_line' id='line_1_11' title="bbox 127 988 1799 1046; baseline 0.001 -17"><span class='ocrx_word' id='word_1_87' title='bbox 127 1005 232 1045; x_wconf 83' lang='lat' dir='ltr'>quae</span> <span class='ocrx_word' id='word_1_88' title='bbox 272 991 506 1030; x_wconf 80' lang='lat' dir='ltr'>abundante</span> <span class='ocrx_word' id='word_1_89' title='bbox 534 990 789 1045; x_wconf 82' lang='lat' dir='ltr'>pinguedine</span> <span class='ocrx_word' id='word_1_90' title='bbox 817 990 950 1039; x_wconf 88' lang='lat' dir='ltr'>lente,</span> <span class='ocrx_word' id='word_1_91' title='bbox 982 1001 1143 1045; x_wconf 90' lang='lat' dir='ltr'>partem</span> <span class='ocrx_word' id='word_1_92' title='bbox 1177 988 1342 1045; x_wconf 88' lang='lat' dir='ltr'>hyemis</span> <span class='ocrx_word' id='word_1_93' title='bbox 1371 990 1511 1046; x_wconf 89' lang='lat' dir='ltr'>quiete</span> <span class='ocrx_word' id='word_1_94' title='bbox 1557 989 1799 1045; x_wconf 85' lang='lat' dir='ltr'>transigunt.</span> 
     </span>
     <span class='ocr_line' id='line_1_12' title="bbox 127 1065 1801 1119; baseline -0.001 -14"><span class='ocrx_word' id='word_1_95' title='bbox 127 1066 284 1105; x_wconf 88' lang='lat' dir='ltr'>Omnes</span> <span class='ocrx_word' id='word_1_96' title='bbox 322 1075 460 1104; x_wconf 86' lang='lat' dir='ltr'>autem</span> <span class='ocrx_word' id='word_1_97' title='bbox 488 1067 635 1113; x_wconf 85' lang='lat' dir='ltr'>Ferae,</span> <span class='ocrx_word' id='word_1_98' title='bbox 665 1065 909 1119; x_wconf 89' lang='lat' dir='ltr'>praesertim</span> <span class='ocrx_word' id='word_1_99' title='bbox 948 1065 1214 1113; x_wconf 86' lang='lat' dir='ltr'>fortissimae,</span> <span class='ocrx_word' id='word_1_100' title='bbox 1254 1076 1424 1105; x_wconf 85' lang='lat' dir='ltr'>naturae</span> <span class='ocrx_word' id='word_1_101' title='bbox 1459 1065 1670 1105; x_wconf 89' lang='lat' dir='ltr'>beneficio</span> <span class='ocrx_word' id='word_1_102' title='bbox 1707 1076 1801 1104; x_wconf 89' lang='lat' dir='ltr'>sunt</span> 
     </span>
     <span class='ocr_line' id='line_1_13' title="bbox 125 1138 1799 1195; baseline 0.001 -18"><span class='ocrx_word' id='word_1_103' title='bbox 125 1138 373 1194; x_wconf 83' lang='lat' dir='ltr'>pauciparae</span> <span class='ocrx_word' id='word_1_104' title='bbox 402 1149 445 1177; x_wconf 86' lang='lat' dir='ltr'>et</span> <span class='ocrx_word' id='word_1_105' title='bbox 480 1139 608 1178; x_wconf 89' lang='lat' dir='ltr'>semel</span> <span class='ocrx_word' id='word_1_106' title='bbox 643 1149 804 1178; x_wconf 87' lang='lat' dir='ltr'>tantum</span> <span class='ocrx_word' id='word_1_107' title='bbox 834 1139 879 1178; x_wconf 90' lang='lat' dir='ltr'>in</span> <span class='ocrx_word' id='word_1_108' title='bbox 916 1154 1023 1179; x_wconf 89' lang='lat' dir='ltr'>anno</span> <span class='ocrx_word' id='word_1_109' title='bbox 1060 1139 1248 1194; x_wconf 85' lang='lat' dir='ltr'>pariunt,</span> <span class='ocrx_word' id='word_1_110' title='bbox 1293 1139 1580 1195; x_wconf 84' lang='lat' dir='ltr'>plurimaeque</span> <span class='ocrx_word' id='word_1_111' title='bbox 1616 1139 1799 1181; x_wconf 85' lang='lat' dir='ltr'>hominis</span> 
     </span>
    </p>
   </div>
   <div class='ocr_carea' id='block_1_5' title="bbox 126 1212 1267 1267">
    <p class='ocr_par' dir='ltr' id='par_1_5' title="bbox 126 1212 1267 1267">
     <span class='ocr_line' id='line_1_14' title="bbox 126 1212 1267 1267; baseline 0.001 -14"><span class='ocrx_word' id='word_1_112' title='bbox 126 1212 327 1254; x_wconf 74' lang='lat' dir='ltr'>viciniam</span> <span class='ocrx_word' id='word_1_113' title='bbox 354 1213 507 1254; x_wconf 85' lang='lat' dir='ltr'>timent</span> <span class='ocrx_word' id='word_1_114' title='bbox 542 1224 585 1254; x_wconf 86' lang='lat' dir='ltr'>et</span> <span class='ocrx_word' id='word_1_115' title='bbox 621 1213 718 1267; x_wconf 81' lang='lat' dir='ltr'>fuga</span> <span class='ocrx_word' id='word_1_116' title='bbox 754 1228 797 1253; x_wconf 87' lang='lat' dir='ltr'>se</span> <span class='ocrx_word' id='word_1_117' title='bbox 834 1214 1068 1253; x_wconf 86' lang='lat' dir='ltr'>subducunt</span> <span class='ocrx_word' id='word_1_118' title='bbox 1098 1214 1148 1252; x_wconf 86' lang='lat' dir='ltr'>ab</span> <span class='ocrx_word' id='word_1_119' title='bbox 1176 1213 1267 1254; x_wconf 87' lang='lat' dir='ltr'>illo.</span> 
     </span>
    </p>
   </div>
   <div class='ocr_carea' id='block_1_6' title="bbox 529 1432 1405 1485">
    <p class='ocr_par' dir='ltr' id='par_1_6' title="bbox 529 1432 1405 1485">
     <span class='ocr_line' id='line_1_15' title="bbox 529 1432 1405 1485; baseline -0.002 0"><span class='ocrx_word' id='word_1_120' title='bbox 529 1432 811 1485; x_wconf 80' lang='lat' dir='ltr'>Genusl.</span> <span class='ocrx_word' id='word_1_121' title='bbox 890 1432 1405 1484; x_wconf 88' lang='lat' dir='ltr'><strong>FELINUM.</strong></span> 
     </span>
    </p>
   </div>
   <div class='ocr_carea' id='block_1_7' title="bbox 123 1549 1794 1827">
    <p class='ocr_par' dir='ltr' id='par_1_7' title="bbox 123 1549 1794 1827">
     <span class='ocr_line' id='line_1_16' title="bbox 259 1549 1794 1605; baseline 0 -17"><span class='ocrx_word' id='word_1_122' title='bbox 259 1551 323 1588; x_wconf 81' lang='lat' dir='ltr'>Ex</span> <span class='ocrx_word' id='word_1_123' title='bbox 351 1549 432 1590; x_wconf 91' lang='lat' dir='ltr'>hoc</span> <span class='ocrx_word' id='word_1_124' title='bbox 461 1563 625 1604; x_wconf 86' lang='lat' dir='ltr'>genere,</span> <span class='ocrx_word' id='word_1_125' title='bbox 656 1553 768 1605; x_wconf 91' lang='lat' dir='ltr'>quod</span> <span class='ocrx_word' id='word_1_126' title='bbox 795 1550 840 1590; x_wconf 92' lang='lat' dir='ltr'>in</span> <span class='ocrx_word' id='word_1_127' title='bbox 868 1549 1018 1590; x_wconf 85' lang='lat' dir='ltr'>calidis</span> <span class='ocrx_word' id='word_1_128' title='bbox 1044 1550 1227 1589; x_wconf 83' lang='lat' dir='ltr'>maxime</span> <span class='ocrx_word' id='word_1_129' title='bbox 1250 1550 1526 1603; x_wconf 82' lang='lat' dir='ltr'>multigenum</span> <span class='ocrx_word' id='word_1_130' title='bbox 1549 1561 1622 1598; x_wconf 85' lang='lat' dir='ltr'>est,</span> <span class='ocrx_word' id='word_1_131' title='bbox 1657 1550 1700 1589; x_wconf 84' lang='lat' dir='ltr'>in</span> <span class='ocrx_word' id='word_1_132' title='bbox 1724 1565 1794 1589; x_wconf 87' lang='lat' dir='ltr'>no-</span> 
     </span>
     <span class='ocr_line' id='line_1_17' title="bbox 127 1620 1794 1679; baseline 0.001 -18"><span class='ocrx_word' id='word_1_133' title='bbox 127 1620 218 1662; x_wconf 84' lang='lat' dir='ltr'>stris</span> <span class='ocrx_word' id='word_1_134' title='bbox 247 1622 411 1676; x_wconf 83' lang='lat' dir='ltr'>frigidis</span> <span class='ocrx_word' id='word_1_135' title='bbox 440 1635 482 1663; x_wconf 92' lang='lat' dir='ltr'>et</span> <span class='ocrx_word' id='word_1_136' title='bbox 510 1624 748 1678; x_wconf 79' lang='lat' dir='ltr'>temperatis</span> <span class='ocrx_word' id='word_1_137' title='bbox 776 1623 991 1678; x_wconf 87' lang='lat' dir='ltr'>pauciores</span> <span class='ocrx_word' id='word_1_138' title='bbox 1020 1625 1167 1662; x_wconf 85' lang='lat' dir='ltr'>dantur</span> <span class='ocrx_word' id='word_1_139' title='bbox 1195 1624 1374 1677; x_wconf 86' lang='lat' dir='ltr'>species,</span> <span class='ocrx_word' id='word_1_140' title='bbox 1420 1638 1574 1677; x_wconf 84' lang='lat' dir='ltr'>eaeque</span> <span class='ocrx_word' id='word_1_141' title='bbox 1615 1638 1794 1679; x_wconf 87' lang='lat' dir='ltr'>praeser-</span> 
     </span>
     <span class='ocr_line' id='line_1_18' title="bbox 125 1695 1792 1752; baseline 0.002 -17"><span class='ocrx_word' id='word_1_142' title='bbox 125 1695 201 1736; x_wconf 82' lang='lat' dir='ltr'>tim</span> <span class='ocrx_word' id='word_1_143' title='bbox 231 1696 275 1737; x_wconf 90' lang='lat' dir='ltr'>in</span> <span class='ocrx_word' id='word_1_144' title='bbox 304 1697 489 1737; x_wconf 84' lang='lat' dir='ltr'>Australi</span> <span class='ocrx_word' id='word_1_145' title='bbox 517 1697 667 1746; x_wconf 79' lang='lat' dir='ltr'>limite,</span> <span class='ocrx_word' id='word_1_146' title='bbox 697 1697 815 1752; x_wconf 88' lang='lat' dir='ltr'>quasi</span> <span class='ocrx_word' id='word_1_147' title='bbox 841 1698 1074 1751; x_wconf 85' lang='lat' dir='ltr'>transfugae</span> <span class='ocrx_word' id='word_1_148' title='bbox 1104 1696 1265 1736; x_wconf 84' lang='lat' dir='ltr'>vivunt.</span> <span class='ocrx_word' id='word_1_149' title='bbox 1324 1697 1441 1736; x_wconf 89' lang='lat' dir='ltr'>Solus</span> <span class='ocrx_word' id='word_1_150' title='bbox 1471 1699 1594 1749; x_wconf 74' lang='lat' dir='ltr'>Lynx</span> <span class='ocrx_word' id='word_1_151' title='bbox 1625 1699 1792 1738; x_wconf 88' lang='lat' dir='ltr'>boreale</span> 
     </span>
     <span class='ocr_line' id='line_1_19' title="bbox 123 1770 1792 1827; baseline 0.001 -17"><span class='ocrx_word' id='word_1_152' title='bbox 123 1771 252 1826; x_wconf 82' lang='lat' dir='ltr'>frigus</span> <span class='ocrx_word' id='word_1_153' title='bbox 280 1788 362 1814; x_wconf 90' lang='lat' dir='ltr'>non</span> <span class='ocrx_word' id='word_1_154' title='bbox 391 1773 527 1813; x_wconf 86' lang='lat' dir='ltr'>timet.</span> <span class='ocrx_word' id='word_1_155' title='bbox 585 1774 754 1821; x_wconf 80' lang='lat' dir='ltr'>Omnes,</span> <span class='ocrx_word' id='word_1_156' title='bbox 784 1772 1138 1827; x_wconf 86' lang='lat' dir='ltr'>quemadmodum</span> <span class='ocrx_word' id='word_1_157' title='bbox 1164 1770 1373 1811; x_wconf 86' lang='lat' dir='ltr'>solitariae</span> <span class='ocrx_word' id='word_1_158' title='bbox 1403 1770 1562 1821; x_wconf 85' lang='lat' dir='ltr'>vivunt,</span> <span class='ocrx_word' id='word_1_159' title='bbox 1600 1772 1658 1811; x_wconf 86' lang='lat' dir='ltr'>ita</span> <span class='ocrx_word' id='word_1_160' title='bbox 1687 1773 1792 1812; x_wconf 63' lang='lat' dir='ltr'>indi«</span> 
     </span>
    </p>
   </div>
   <div class='ocr_carea' id='block_1_8' title="bbox 124 1845 1795 1902">
    <p class='ocr_par' dir='ltr' id='par_1_8' title="bbox 124 1845 1795 1902">
     <span class='ocr_line' id='line_1_20' title="bbox 124 1845 1795 1902; baseline 0.002 -17"><span class='ocrx_word' id='word_1_161' title='bbox 124 1845 342 1888; x_wconf 84' lang='lat' dir='ltr'>viduorum</span> <span class='ocrx_word' id='word_1_162' title='bbox 368 1863 541 1890; x_wconf 88' lang='lat' dir='ltr'>numero</span> <span class='ocrx_word' id='word_1_163' title='bbox 571 1847 744 1888; x_wconf 90' lang='lat' dir='ltr'>minime</span> <span class='ocrx_word' id='word_1_164' title='bbox 775 1848 988 1888; x_wconf 85' lang='lat' dir='ltr'>abundant</span> <span class='ocrx_word' id='word_1_165' title='bbox 1015 1857 1058 1887; x_wconf 87' lang='lat' dir='ltr'>et</span> <span class='ocrx_word' id='word_1_166' title='bbox 1086 1845 1240 1902; x_wconf 82' lang='lat' dir='ltr'>ubique</span> <span class='ocrx_word' id='word_1_167' title='bbox 1269 1845 1379 1887; x_wconf 78' lang='lat' dir='ltr'>inter</span> <span class='ocrx_word' id='word_1_168' title='bbox 1408 1846 1581 1887; x_wconf 84' lang='lat' dir='ltr'>rariores</span> <span class='ocrx_word' id='word_1_169' title='bbox 1610 1858 1704 1888; x_wconf 84' lang='lat' dir='ltr'>sunt</span> <span class='ocrx_word' id='word_1_170' title='bbox 1726 1862 1795 1888; x_wconf 67' lang='lat' dir='ltr'>ve⁸&gt;</span> 
     </span>
    </p>
   </div>
   <div class='ocr_carea' id='block_1_9' title="bbox 122 1921 322 1963">
    <p class='ocr_par' dir='ltr' id='par_1_9' title="bbox 122 1921 322 1963">
     <span class='ocr_line' id='line_1_21' title="bbox 122 1921 322 1963; baseline 0.02 -4"><span class='ocrx_word' id='word_1_171' title='bbox 122 1921 322 1963; x_wconf 88' lang='lat' dir='ltr'>nationes.</span> 
     </span>
    </p>
   </div>
   <div class='ocr_carea' id='block_1_10' title="bbox 209 2077 1790 2241">
    <p class='ocr_par' dir='ltr' id='par_1_10' title="bbox 209 2077 1790 2241">
     <span class='ocr_line' id='line_1_22' title="bbox 209 2077 1788 2123; baseline 0.003 -16"><span class='ocrx_word' id='word_1_172' title='bbox 209 2077 241 2120; x_wconf 61' lang='lat' dir='ltr'>’J</span> <span class='ocrx_word' id='word_1_173' title='bbox 269 2077 524 2111; x_wconf 81' lang='lat' dir='ltr'>Admirandum</span> <span class='ocrx_word' id='word_1_174' title='bbox 552 2080 655 2111; x_wconf 81' lang='lat' dir='ltr'>illum</span> <span class='ocrx_word' id='word_1_175' title='bbox 688 2079 791 2123; x_wconf 75' lang='lat' dir='ltr'>hujus</span> <span class='ocrx_word' id='word_1_176' title='bbox 824 2082 952 2112; x_wconf 86' lang='lat' dir='ltr'>veneni</span> <span class='ocrx_word' id='word_1_177' title='bbox 978 2080 1147 2112; x_wconf 75' lang='lat' dir='ltr'>effectum</span> <span class='ocrx_word' id='word_1_178' title='bbox 1175 2082 1210 2111; x_wconf 74' lang='lat' dir='ltr'>in</span> <span class='ocrx_word' id='word_1_179' title='bbox 1237 2079 1419 2119; x_wconf 70' lang='lat' dir='ltr'>animalia,</span> <span class='ocrx_word' id='word_1_180' title='bbox 1449 2089 1541 2121; x_wconf 82' lang='lat' dir='ltr'>quae</span> <span class='ocrx_word' id='word_1_181' title='bbox 1574 2089 1682 2112; x_wconf 75' lang='lat' dir='ltr'>coeca</span> <span class='ocrx_word' id='word_1_182' title='bbox 1710 2089 1788 2112; x_wconf 83' lang='lat' dir='ltr'>nas-</span> 
     </span>
     <span class='ocr_line' id='line_1_23' title="bbox 271 2139 1788 2181; baseline 0.003 -14"><span class='ocrx_word' id='word_1_183' title='bbox 271 2141 413 2178; x_wconf 81' lang='lat' dir='ltr'>cuntur,</span> <span class='ocrx_word' id='word_1_184' title='bbox 442 2142 549 2171; x_wconf 84' lang='lat' dir='ltr'>etiam</span> <span class='ocrx_word' id='word_1_185' title='bbox 578 2141 702 2171; x_wconf 81' lang='lat' dir='ltr'>avibus</span> <span class='ocrx_word' id='word_1_186' title='bbox 729 2151 799 2171; x_wconf 87' lang='lat' dir='ltr'>non</span> <span class='ocrx_word' id='word_1_187' title='bbox 826 2143 1009 2181; x_wconf 82' lang='lat' dir='ltr'>exceptis,</span> <span class='ocrx_word' id='word_1_188' title='bbox 1041 2141 1217 2170; x_wconf 70' lang='lat' dir='ltr'>institutis</span> <span class='ocrx_word' id='word_1_189' title='bbox 1243 2149 1262 2169; x_wconf 80' lang='lat' dir='ltr'>a</span> <span class='ocrx_word' id='word_1_190' title='bbox 1296 2149 1352 2170; x_wconf 81' lang='lat' dir='ltr'>me</span> <span class='ocrx_word' id='word_1_191' title='bbox 1378 2139 1559 2181; x_wconf 82' lang='lat' dir='ltr'>quondam</span> <span class='ocrx_word' id='word_1_192' title='bbox 1592 2142 1788 2171; x_wconf 86' lang='lat' dir='ltr'>numerosis</span> 
     </span>
     <span class='ocr_line' id='line_1_24' title="bbox 275 2195 1790 2241; baseline 0.003 -14"><span class='ocrx_word' id='word_1_193' title='bbox 275 2199 532 2238; x_wconf 81' lang='lat' dir='ltr'>experimentis</span> <span class='ocrx_word' id='word_1_194' title='bbox 558 2198 811 2229; x_wconf 78' lang='lat' dir='ltr'>confirmatum</span> <span class='ocrx_word' id='word_1_195' title='bbox 838 2200 872 2229; x_wconf 89' lang='lat' dir='ltr'>in</span> <span class='ocrx_word' id='word_1_196' title='bbox 900 2201 1157 2229; x_wconf 79' lang='lat' dir='ltr'>Dissertatione</span> <span class='ocrx_word' id='word_1_197' title='bbox 1177 2195 1401 2241; x_wconf 67' lang='lat' dir='ltr'>Experimcnta</span> <span class='ocrx_word' id='word_1_198' title='bbox 1422 2200 1455 2230; x_wconf 83' lang='lat' dir='ltr'>de</span> <span class='ocrx_word' id='word_1_199' title='bbox 1478 2197 1612 2233; x_wconf 76' lang='lat' dir='ltr'>Vcncnis</span> <span class='ocrx_word' id='word_1_200' title='bbox 1634 2200 1790 2232; x_wconf 71' lang='lat' dir='ltr'>exhibente</span> 
     </span>
    </p>
   </div>
   <div class='ocr_carea' id='block_1_11' title="bbox 266 2250 1787 2361">
    <p class='ocr_par' dir='ltr' id='par_1_11' title="bbox 266 2250 1787 2361">
     <span class='ocr_line' id='line_1_25' title="bbox 269 2250 1787 2302; baseline 0.003 -15"><span class='ocrx_word' id='word_1_201' title='bbox 269 2250 458 2298; x_wconf 76' lang='lat' dir='ltr'>(Goetting.</span> <span class='ocrx_word' id='word_1_202' title='bbox 493 2254 622 2302; x_wconf 81' lang='lat'>1767.)</span> <span class='ocrx_word' id='word_1_203' title='bbox 650 2259 820 2299; x_wconf 80' lang='lat' dir='ltr'>exposuit</span> <span class='ocrx_word' id='word_1_204' title='bbox 846 2259 958 2290; x_wconf 86' lang='lat' dir='ltr'>Amic.</span> <span class='ocrx_word' id='word_1_205' title='bbox 990 2257 1193 2296; x_wconf 70' lang='lat' dir='ltr'><em>Hillefcld.</em></span> <span class='ocrx_word' id='word_1_206' title='bbox 1238 2261 1406 2300; x_wconf 70' lang='lat' dir='ltr'>Superest</span> <span class='ocrx_word' id='word_1_207' title='bbox 1421 2262 1460 2290; x_wconf 79' lang='lat' dir='ltr'>ut</span> <span class='ocrx_word' id='word_1_208' title='bbox 1474 2259 1703 2292; x_wconf 72' lang='lat' dir='ltr'>Galvanistae</span> <span class='ocrx_word' id='word_1_209' title='bbox 1724 2271 1787 2292; x_wconf 85' lang='lat' dir='ltr'>ex-</span> 
     </span>
     <span class='ocr_line' id='line_1_26' title="bbox 266 2318 1786 2361; baseline 0.004 -15"><span class='ocrx_word' id='word_1_210' title='bbox 266 2318 471 2358; x_wconf 83' lang='lat' dir='ltr'>periantur,</span> <span class='ocrx_word' id='word_1_211' title='bbox 517 2327 560 2348; x_wconf 81' lang='lat' dir='ltr'>an</span> <span class='ocrx_word' id='word_1_212' title='bbox 599 2319 670 2348; x_wconf 83' lang='lat' dir='ltr'>suis</span> <span class='ocrx_word' id='word_1_213' title='bbox 710 2319 820 2349; x_wconf 85' lang='lat' dir='ltr'>etiam</span> <span class='ocrx_word' id='word_1_214' title='bbox 851 2320 1106 2360; x_wconf 83' lang='lat' dir='ltr'>experimentis</span> <span class='ocrx_word' id='word_1_215' title='bbox 1144 2321 1297 2352; x_wconf 72' lang='lat' dir='ltr'>excitari</span> <span class='ocrx_word' id='word_1_216' title='bbox 1329 2322 1508 2361; x_wconf 82' lang='lat' dir='ltr'>nequeant</span> <span class='ocrx_word' id='word_1_217' title='bbox 1538 2319 1705 2351; x_wconf 83' lang='lat' dir='ltr'>animalia</span> <span class='ocrx_word' id='word_1_218' title='bbox 1736 2323 1786 2352; x_wconf 88' lang='lat' dir='ltr'>sic</span> 
     </span>
    </p>
   </div>
   <div class='ocr_carea' id='block_1_12' title="bbox 267 2379 431 2408">
    <p class='ocr_par' dir='ltr' id='par_1_12' title="bbox 267 2379 431 2408">
     <span class='ocr_line' id='line_1_27' title="bbox 267 2379 431 2408; baseline -0.006 -1"><span class='ocrx_word' id='word_1_219' title='bbox 267 2379 414 2408; x_wconf 79' lang='lat' dir='ltr'>enecata</span> <span class='ocrx_word' id='word_1_220' title='bbox 424 2381 431 2406; x_wconf 87' lang='lat'>!</span> 
     </span>
    </p>
   </div>
  </div>
 </body>
</html>
