2196 2927
394 194 483 242 420
1159 192 1306 217 m

389 299 479 342 cito
508 295 726 339 excutiunt
754 296 948 336 lavando.
1018 296 1135 335 Tunc
1165 292 1275 334 circa
1305 302 1490 333 armenta
1521 303 1752 345 versantur,
1798 306 1899 349 quos
1929 295 2071 336 ricinis

393 382 435 417 e't
463 385 693 416 oestrorum
722 371 848 412 larvis
876 371 1076 420 liberant3
1119 368 1318 411 frumenti
1346 383 1510 424 quoque
1541 384 1666 424 grana
1695 369 1739 410 in
1771 369 1875 425 agris
1905 372 2075 427 copiose?

394 451 551 506 legunt.
622 449 908 490 comeduntur
948 458 1068 497 tunc,
1113 458 1159 486 ut
1188 456 1412 493 autumno,
1453 461 1476 485 a
1504 445 1666 493 multis;
1712 444 1820 486 mihi
1850 460 1950 486 vero
1981 462 2076 488 caro

396 524 551 582 saporis
583 522 866 574 amaricantis,
906 521 1173 564 subnauseosi
1203 521 1289 562 visa
1319 532 1394 561 est.

408 599 411 603 ’
530 602 678 642 Nota.
734 602 917 640 Intestini
957 597 1177 653 longitudo
1214 598 1293 638 15''.
1324 612 1450 638 coeca
1479 597 1563 637 *duo
1595 597 1664 637 2'''.
1696 597 1895 637 distantia
1925 602 1994 649 9'f‘.
2026 601 2075 640 ab

395 692 489 719 ano.
546 679 689 731 Cystis
718 677 841 716 fellea
871 674 998 714 nulla.
1068 674 1231 713 Pondus
1272 672 1487 713 unciarum
1535 689 1555 712 2
1604 674 1656 712 ad
1702 680 1740 714 3.
1799 673 1991 713 Varietas
2032 673 2077 713 in

393 751 575 794 Uerania
604 753 723 793 datur
750 765 883 806 paene
912 760 999 789 tota
1028 748 1169 804 nigra,
1198 747 1363 803 punctis
1385 748 1489 788 albis
1512 748 1725 789 exsoletis.
1786 750 1867 789 Sed
1890 750 1942 788 de
1970 751 2081 789 Stur-

395 844 450 869 no
494 830 588 869 albo
631 829 740 884 apud
780 841 855 867 nos
896 840 1108 881 nunquam
1152 823 1313 874 audivi,
1357 823 1467 864 inter
1503 834 1567 864 tot
1601 835 1704 879 quot
1739 824 1855 866 anuis
1887 824 2077 866 advolan-

394 913 458 945 tes
486 904 710 960 myriades.

801 996 881 1035 71.
974 984 1001 1026 S
1030 982 1073 1026 T
1103 982 1144 1026 U
1172 983 1209 1025 R
1238 982 1278 1024 N
1306 981 1346 1024 U
1375 982 1402 1023 S
1477 995 1679 1024 roseus.

533 1057 575 1097 S.
603 1056 860 1106 incarnatus,
892 1054 1030 1111 capite
1062 1054 1137 1094 alis
1168 1054 1380 1108 caudaque
1411 1052 1560 1108 nigris,
1601 1051 1785 1109 occipite
1815 1050 1998 1093 cristato.

616 1131 857 1172 Seleucides
888 1146 982 1171 aves
1012 1133 1114 1172 Plin.
1149 1133 1227 1170 hist
1272 1139 1355 1169 nat.
1386 1131 1439 1168 X.
1471 1144 1562 1185 cap.
1596 1145 1659 1182 27.

616 1208 780 1248 Merula
809 1221 944 1256 rosea,
989 1207 1241 1248 Aldrovand.
1272 1207 1414 1245 ornith.
1446 1206 1499 1244 ΙΙ.
1532 1221 1570 1260 p.
1603 1211 1695 1245 626.
1746 1205 1964 1259 Willughb.
1997 1219 2081 1245 orn..

672 1300 711 1339 p.
750 1291 836 1334 143.
866 1285 956 1339 Raj.
987 1297 1079 1335 syn.
1110 1298 1175 1321 av.
1205 1298 1243 1335 p.
1275 1287 1339 1333 67.
1382 1280 1597 1319 Edwards.
1628 1295 1692 1319 av.
1724 1281 1757 1318 I.
1787 1280 1871 1320 tab.
1904 1297 1967 1320 20.
1999 1284 2083 1336 pul-

673 1360 778 1398 chre.
809 1360 988 1398 Brisson.
1020 1373 1104 1397 orn.
1135 1358 1188 1395 II.
1220 1372 1259 1410 p.
1292 1362 1382 1396 250.

617 1434 779 1473 Turdus
810 1448 968 1480 roseus„
997 1435 1128 1473 Klein.
1160 1432 1294 1487 prodr.
1326 1447 1390 1471 av.
1426 1448 1464 1487 p.
1499 1438 1586 1480 134.
1616 1432 1704 1470 Lin.
1735 1441 1837 1484 syst.
1867 1433 1900 1471 I.
1930 1448 1970 1488 p.
1994 1440 2084 1483 294.

674 1525 736 1564 sp.
774 1516 832 1550 15.
877 1510 1047 1549 Gmelin.
1084 1508 1189 1547 Νου.
1220 1509 1335 1547 Com.
1377 1508 1536 1561 Petrop.
1566 1508 1657 1546 XV.
1699 1523 1739 1562 p.
1770 1513 1860 1559 478.
1904 1509 1986 1548 tab.
2023 1526 2087 1548 22.

667 1585 752 1638 sig.
791 1602 822 1623 1.
852 1583 1045 1639 pessima.
1088 1585 1275 1623 Latham.
1307 1598 1398 1636 syn.
1430 1584 1483 1621 II.
1520 1599 1560 1638 p.
1591 1589 1655 1623 50.
1686 1598 1723 1622 n.
1756 1589 1821 1624 52.

620 1660 784 1699 Turdus
814 1659 1020 1709 Seleucis,
1051 1660 1232 1700 Forskcil.
1262 1663 1385 1699 anim.
1421 1658 1549 1700 Arab.
1593 1674 1632 1713 p.
1665 1665 1701 1700 5.
1745 1674 1782 1698 η.
1820 1665 1878 1700 16.
1926 1655 2087 1711 (Junior

677 1734 785 1782 avis,
814 1735 976 1790 plumas
1007 1737 1203 1787 mutans).

623 1810 794 1849 sturnus
824 1823 982 1859 roseus,
1012 1811 1118 1851 Pau.
1148 1814 1235 1849 itin.
1266 1811 1320 1849 II.
1351 1825 1448 1864 pag.
1478 1817 1572 1859 491.
1618 1808 1781 1861 Scopol.
1816 1824 1880 1848 an.
1911 1809 1945 1848 Ι.
1990 1825 2088 1865 pag.

685 1890 772 1924 130.
806 1899 842 1923 n.
880 1901 966 1935 191.

624 1960 683 1998 Le
713 1958 847 1998 Merle
878 1958 1050 1999 couleur
1078 1959 1131 1999 de
1158 1972 1270 2007 rose,
1299 1959 1461 2012 Buffon.
1491 1974 1576 2000 orn.
1604 1959 1678 1998 ΠΙ.
1710 1973 1749 2013 p.
1783 1964 1875 2008 348.
1906 1960 1990 2001 tab.
2024 1977 2087 2001 22.

679 2033 961 2075 D'Aubenton.
992 2039 1095 2075 icon.
1125 2038 1201 2075 col.
1233 2051 1271 2075 η.
1304 2040 1394 2075 251.

516 2107 690 2150 Rossice
721 2110 945 2151 Kamennoi
972 2111 1173 2151 Shworetz
1203 2111 1392 2162 (Sturnus
1422 2108 1656 2165 1·upestris)-.

545 2187 594 2225 In
624 2184 835 2226 montibus
875 2191 1075 2226 cretaceis
1119 2185 1230 2226 circa
1270 2188 1431 2225 Tanain
1472 2184 1739 2237 inferiorem,
1781 2186 1965 2227 maxime
1994 2194 2090 2228 vero

406 2258 518 2301 circa
548 2258 655 2300 Irtin
684 2261 781 2302 fluv.
810 2260 856 2301 in
886 2260 1107 2309 montosis,
1136 2261 1413 2316 rupestribus,
1443 2261 1617 2318 apricis,
1666 2263 1717 2302 ab
1746 2261 1935 2304 excubiis
1965 2261 2091 2304 Semi—

408 2333 636 2389 jarensibus
667 2336 1082 2392 (Septemriparum)‚
1120 2350 1251 2392 usque
1282 2338 1335 2377 ad
1364 2337 1512 2378 altiora
1541 2348 1583 2377 et
1612 2338 1773 2392 sylvosa
1804 2339 2007 2380 montium
2038 2335 2092 2376 al-

409 2415 633 2462 ta'icorum,
680 2422 722 2454 et
749 2426 825 2468 per
853 2412 1088 2455 universam
1117 2412 1358 2468 Songariam
1388 2414 1615 2466 desertam,
1663 2413 1946 2469 copiosissima
1990 2411 2090 2453 avis.
