2196 2927
910 194 1058 219 Ε
1734 195 1819 235 273

376 292 529 337 Whale
567 292 697 334 tailed
732 292 913 339 Manad,
956 293 1146 332 Pennant.
1187 291 1293 332 Hist.
1333 292 1475 348 quadr.
1505 293 1558 334 II.
1595 310 1692 350 pag.
1724 302 1814 337 536.

426 388 463 412 η.
495 379 584 422 390.
622 370 738 408 Zool.
770 379 868 408 aret.
898 370 930 407 I.
963 384 1000 422 p.
1039 384 1123 418 177·
1155 383 1192 406 n.
1224 374 1287 407 81.

370 444 631 486 Trichechus
663 446 872 491 Manatus,
910 441 1109 491 borealis,
1152 442 1322 482 Gmelin.
1359 453 1461 496 ςγδι.
1498 445 1583 484 Lin.
1615 447 1643 485 I.
1681 463 1720 501 p.
1752 453 1815 489 61.

423 536 483 575 Sp.
517 533 667 566 2.,var.
698 522 740 563 [3.

265 594 433 637 Rossice
463 595 668 649 Morslzaja
698 595 859 633 Korova
894 596 1051 646 (Vacca
1081 593 1272 646 marina).

288 671 432 710 Bellna
462 668 618 708 marina
648 668 691 708 in
722 670 890 710 Oceano
921 668 1116 709 orientali
1151 670 1202 708 ad
1239 667 1391 708 insulas
1428 667 1554 709 Asiae
1586 680 1628 709 et
1656 673 1817 714 Ameri-

158 759 230 786 cae
260 744 495 797 interjectas
525 754 565 783 et
595 745 646 783 ad
674 744 924 784 Americana
955 748 1056 797 (non
1086 744 1230 796 Asiae)
1270 744 1411 783 littora
1448 745 1637 800 frequens
1675 762 1696 785 a
1733 751 1819 788 Ma-

153 831 250 860 nato
280 819 594 860 orientaliorum
623 819 811 859 littorum
848 819 1070 860 Americae
1107 818 1245 874 specie
1283 819 1405 873 longe
1443 820 1624 870 diversa,
1668 837 1690 861 e
1720 823 1816 863 solis

152 899 392 935 immortalis
421 896 633 935 Stelleri
663 894 871 934 laboribus
895 894 1106 948 cognitum
1130 905 1171 934 ct
1193 895 1244 934 ab
1270 896 1418 934 eodem
1443 895 1653 951 graphice,
1685 901 1821 952 quoad

153 981 418 1016 structuram,
456 984 589 1010 mores
618 981 660 1010 et
689 980 894 1016 naturam,
937 969 1202 1025 descriptum.
1274 969 1428 1010 Omnia
1457 982 1671 1012 auctorum
1700 989 1819 1028 syno-

152 1059 277 1098 nyma
309 1045 359 1083 ad
390 1048 577 1084 Manatos
607 1045 732 1098 vulgo
762 1043 909 1091 citata,
940 1044 1066 1084 etiam
1096 1044 1380 1084 recentissima
1408 1047 1653 1098 Buffoniana
1691 1059 1734 1088 et
1763 1049 1819 1089 al-

152 1128 238 1156 tera
268 1119 399 1158 foetus
428 1119 471 1158 in
509 1120 613 1159 Νου.
644 1120 760 1159 Actis
790 1120 989 1174 Petropol.
1029 1120 1143 1159 Tom.
1175 1121 1289 1159 XIII.
1329 1137 1368 1175 p.
1400 1129 1490 1173 371.
1530 1123 1613 1162 cab.
1651 1130 1709 1164 13.
1748 1139 1818 1164 ex·

151 1190 286 1231 hibita
317 1193 577 1232 adumbratio
615 1195 666 1232 ad
704 1194 874 1233 alteram
915 1196 1077 1233 Μαηαῑῐ
1118 1194 1300 1248 speciem
1344 1197 1493 1247 (cauda
1523 1197 1706 1252 integra,
1749 1213 1818 1239 ore

151 1267 341 1316 dentato,
375 1282 545 1323 corpore
576 1267 706 1314 laevi,
741 1269 908 1308 Gmelin.
938 1271 1013 1308 loc.
1045 1273 1112 1308 cit.
1142 1285 1226 1308 var.
1256 1275 1316 1319 a.)
1347 1270 1571 1325 pertinent.

281 1344 427 1383 Nota.
486 1342 640 1382 Differt
670 1354 807 1382 autem
836 1345 948 1383 Man.
980 1344 1152 1384 borealis
1180 1345 1310 1384 cauda
1347 1346 1588 1400 praesertim
1619 1347 1818 1398 bilobata,

152 1428 245 1457 cute
276 1418 431 1473 depili,
461 1419 819 1465 corneo-callosa,
857 1418 1015 1458 ossibus
1046 1419 1269 1459 molaribus
1299 1420 1453 1474 planis,
1496 1422 1821 1480 pinnato-rugo-

151 1491 228 1540 sis,
259 1492 345 1532 cuti
374 1492 547 1540 innatis,
576 1495 670 1534 loco
699 1494 888 1534 dentium
918 1492 1150 1533 molarium.
1175 1517 1229 1525 —-
1258 1499 1444 1535 Manatus
1474 1497 1719 1539 assimilatur
1742 1501 1817 1541 Ce-

149 1566 277 1606 taceis
300 1582 370 1606 ore
393 1569 610 1615 edentulo,
639 1570 767 1608 cauda
790 1567 948 1614 exossi,
978 1568 1070 1608 loco
1092 1569 1245 1622 pedum
1269 1569 1562 1623 posteriorum3
1594 1588 1686 1612 cum
1718 1577 1818 1614 Ros-

152 1656 265 1681 maro
295 1643 491 1682 convenit
522 1643 686 1683 naribus
715 1642 846 1691 binis,
879 1653 921 1682 et
944 1642 1132 1682 mammis
1156 1643 1448 1698 pectoralibus.
1508 1649 1697 1698 Iconem,
1726 1660 1816 1690 utut

152 1717 317 1765 rudem,
345 1719 498 1758 addere
529 1718 662 1767 volui,
694 1718 861 1774 qualem
892 1717 1048 1773 accepi.

460 1871 719 1922 XXXIII.
799 1872 1502 1926 DELPHINUS.

287 2015 461 2057 Cetacei
490 2029 661 2073 utraque
692 2018 864 2059 maxilla
895 2020 1076 2066 dentati,
1107 2036 1201 2060 cum
1232 2023 1298 2060 vel
1330 2022 1417 2062 sine
1447 2021 1574 2077 pinna
1606 2023 1758 2064 dorsali
1789 2037 1830 2067 et

155 2093 432 2144 cujuscunque
471 2093 767 2147 magnitudinis
805 2109 931 2147 genus
969 2097 1152 2135 naturale
1206 2094 1515 2150 Delphinorissm
1557 2101 1645 2152 jure
1683 2101 1832 2141 consti-

154 2175 288 2204 tuunt.
348 2166 454 2205 Hinc
485 2167 666 2220 speciem
696 2169 815 2207 dorso
853 2168 1031 2223 impinni
1064 2168 1132 2209 hic
1162 2170 1336 2224 primam
1367 2170 1488 2211 facio.

156 2248 268 2299 143.
354 2245 396 2286 D
417 2247 455 2287 E
478 2245 509 2285 L
530 2246 562 2286 P
583 2246 625 2287 H
649 2247 663 2287 I
687 2246 723 2287 N
746 2247 784 2288 U
805 2248 830 2288 S
886 2247 1106 2290 Leucas.
1166 2249 1313 2293 TAB.
1352 2250 1526 2295 XXXI.
1559 2258 1601 2296 et
1627 2254 1823 2299 XXXII.

286 2317 339 2354 D.
370 2316 490 2354 dorso
524 2315 710 2370 impenni
741 2317 888 2370 gssbbo,
919 2333 1089 2374 corpore
1121 2319 1229 2360 albo.

372 2390 588 2438 Witfisch,
618 2392 787 2433 Anders.
819 2394 967 2435 [sland.
999 2411 1038 2448 p.
1072 2402 1161 2438 251.
1193 2397 1324 2438 Cranz
1348 2404 1504 2453 groenl.
1535 2417 1573 2456 p.
1610 2407 1697 2443 150.

1336 2481 1384 2516 35
