2196 2927
893 192 1036 218 -Ξ
1709 196 1797 234 209

134 294 227 335 Nec
257 293 392 334 minus
423 291 558 334 adhuc
589 293 747 335 adtenti
775 294 827 333 ad
856 291 937 332 hoc
968 291 1175 346 Samojedi
1212 304 1254 334 et
1283 305 1425 348 gentes
1466 292 1650 349 reliquae
1693 307 1797 348 quae

131 372 344 411 Tarandos
386 381 559 425 pascunt
600 369 700 409 licet
729 369 866 408 nullae
903 367 1056 407 lactare
1086 368 1323 409 didicerint.
1353 394 1404 402 —-
1448 368 1630 410 Tarandi
1658 368 1702 408 in
1731 382 1798 423 ge-

132 461 229 487 nere
260 445 495 501 Septembri
524 443 731 498 prnriunt,
776 442 941 498 pariunt
970 458 1086 491 vere,
1131 442 1312 484 seniores
1355 444 1514 499 saepius
1555 443 1697 492 binos,
1742 446 1799 496 ju-

133 520 269 562 niores
298 520 467 561 unicum
497 518 717 558 hinnulum
728 536 737 566 ;
778 518 849 557 sed
879 518 1100 572 quotannis
1130 530 1246 558 utero
1276 530 1441 573 gerunt,
1473 530 1515 558 et
1544 518 1709 558 hinnuli
1738 533 1797 558 se-

129 596 268 637 cundo
299 594 443 635 aetatis
474 608 580 634 anno
608 597 690 647 jam
721 593 807 649 apti
838 593 1115 648 generationi,
1159 595 1268 634 unde
1305 593 1409 634 haec
1446 592 1603 648 species
1634 593 1796 634 celerri-

130 685 196 712 me
224 668 490 723 multiplicat.
561 667 604 708 Si
636 668 839 709 foeminae
882 679 975 723 post
1018 683 1280 723 congressum
1323 669 1565 724 sanguinem
1608 669 1795 718 fundunt,

128 746 292 800 signum
316 755 400 793 est,
432 759 514 784 non
542 744 797 800 concepisse.
856 747 968 783 Inter
998 743 1193 786 hinnulos
1223 743 1540 785 celebratissimi
1570 755 1682 791 sunt,
1726 742 1798 797 qui

131 821 240 876 apud
270 821 473 861 Coraecos
497 831 539 859 et
562 818 874 860 Tschuktschos
904 831 1062 859 tanturn
1086 820 1328 875 gignuntur,
1361 820 1467 869 albi,
1497 817 1633 875 parvis
1663 833 1798 858 macu-

130 896 181 936 lis
210 895 337 950 nigris
367 894 589 950 variegati,
628 909 655 934 e
684 909 860 948 qnorum
889 895 1041 935 teneris
1070 895 1250 949 pellibus
1280 898 1381 936 fiunt
1410 897 1599 936 lacernae
1637 894 1798 948 elegan-

128 970 313 1011 tissimae
344 981 386 1010 et
416 984 510 1009 caro
539 971 788 1009 venduntur.
859 970 1075 1010 Raris-{nii
1118 971 1271 1011 deinde
1313 970 1387 1026 qui
1428 981 1648 1010 nascuntur
1676 967 1799 1023 nigri,

130 1048 203 1087 sed
232 1046 371 1086 adulta
401 1056 534 1084 aetate
564 1044 667 1085 fusci
697 1047 900 1095 evadunt,
945 1058 984 1086 et
1029 1045 1206 1100 strigosi.
1234 1071 1290 1077 ——
1331 1049 1467 1086 Mares
1505 1044 1582 1084 feri
1611 1055 1799 1098 tempore

129 1120 258 1162 oestri
287 1120 345 1159 ita
375 1134 500 1159 coeca
530 1118 708 1160 libjdine
739 1120 983 1169 incitantur,
1014 1132 1060 1160 ut
1086 1136 1170 1160 non
1201 1121 1334 1161 solum
1363 1118 1682 1160 domesticarum
1712 1133 1800 1173 gre*

129 1195 247 1249 gibus
279 1209 319 1234 se
350 1193 632 1241 immisceant,
675 1205 715 1234 et
745 1209 839 1234 cum
868 1195 1078 1234 instructis
1109 1195 1160 1234 ad
1190 1193 1270 1234 hoc
1301 1194 1560 1241 domesticis,
1604 1193 1799 1247 laqueum

128 1269 174 1310 in
201 1268 396 1309 cornibus
426 1268 683 1323 gerentibus,
726 1269 967 1322 pugnaturi,
1012 1270 1156 1308 crebro
1193 1267 1401 1324 implicati
1431 1278 1665 1323 capiantur3
1709 1265 1799 1322 qui-

130 1343 245 1386 nimo
287 1343 331 1383 in
374 1355 615 1384 venatorem
662 1343 766 1383 albis
805 1343 984 1397 pellibus
1025 1343 1217 1383 indutum
1246 1358 1373 1383 coeca
1415 1343 1528 1383 rabie
1570 1342 1798 1392 incurrunt,

127 1420 314 1460 alienum
343 1421 580 1459 Tarandum
608 1430 857 1473 reputantes.
887 1444 941 1448 —
982 1418 1157 1459 Coraeci
1199 1420 1410 1458 Tarandos
1453 1418 1629 1472 jugales,
1674 1417 1745 1472 qui
1775 1432 1798 1456 a

129 1494 304 1543 teneris,
345 1494 528 1548 adligato
572 1495 623 1534 ad
665 1494 773 1533 colla
810 1492 925 1546 ligno
956 1495 1006 1533 ad
1036 1492 1172 1532 trahas
1204 1494 1450 1541 adsuefiunt,
1495 1493 1647 1532 docent
1677 1503 1717 1532 at
1745 1492 1798 1531 ad

133 1579 265 1609 certas
296 1583 418 1607 voces
450 1583 472 1607 e
503 1579 589 1608 tota
618 1583 740 1623 grege
770 1578 914 1622 sponte
945 1569 1161 1607 decedant
1205 1578 1246 1606 et
1288 1567 1332 1606 in
1374 1582 1499 1606 unum
1543 1573 1711 1612 coeant,
1754 1575 1799 1604 ut

131 1658 206 1698 pro
236 1658 309 1682 usu
339 1642 459 1696 seligi
489 1653 654 1696 queant.
726 1642 892 1683 Callent
922 1653 1060 1681 autem
1102 1642 1296 1691 selectos,
1340 1645 1525 1696 projecto
1569 1641 1620 1679 ad
1661 1641 1798 1695 plures

131 1733 276 1773 orgyas
307 1718 420 1757 loreo
450 1716 639 1765 vinculo,
670 1731 833 1770 capere.
890 1719 988 1755 Non
1013 1730 1109 1755 vero
1134 1727 1353 1762 nostrates,
1383 1726 1545 1770 praeter
1569 1719 1796 1770 Lappones,

133 1793 319 1848 mulgent
348 1791 568 1831 foeminas:
610 1791 676 1831 lac
717 1790 818 1831 licet
856 1791 1030 1830 subintle
1060 1790 1305 1845 inspiciant,
1348 1801 1392 1829 ut
1434 1805 1487 1829 ex
1528 1789 1796 1829 consistentia

133 1870 217 1919 ejus
246 1866 433 1919 judicant
461 1865 593 1921 qualis
624 1866 780 1905 futurus
810 1865 863 1906 sit
893 1864 1110 1914 hinnulus,
1142 1876 1182 1905 et
1212 1880 1313 1919 quos
1344 1864 1476 1904 miuus
1496 1865 1682 1904 robustos
1711 1865 1797 1904 fore

130 1941 305 1980 credunt
335 1942 575 1981 mactandos
605 1942 818 1981 denotant.
885 1944 994 1980 Raro
1023 1951 1161 1980 tamen
1193 1950 1424 1979 mansuetos
1455 1950 1655 1987 mactant,
1700 1939 1798 1977 dum

136 2025 358 2069 suppetunt
386 2014 622 2069 spontanei,
666 2015 814 2070 quibus
855 2014 1035 2069 Jucagiri
1080 2014 1210 2054 nostri
1251 2013 1347 2052 solis
1391 2013 1548 2052 vivunt.
1624 2014 1799 2065 Quando

136 2087 322 2128 carnium
350 2087 503 2143 hyeme
533 2101 594 2130 est
624 2089 897 2139 abundantia,
943 2105 1046 2143 aqua
1087 2088 1236 2128 tinctas
1280 2088 1450 2142 glaciari
1480 2088 1640 2135 sinunt,
1684 2099 1725 2127 et
1756 2087 1799 2128 in

137 2162 253 2204 fossis
283 2161 472 2204 conditas
501 2179 575 2219 pro
606 2179 733 2204 verno
763 2175 996 2203 commeatu
1038 2173 1223 2210 servant,
1268 2178 1348 2217 quo
1393 2173 1579 2217 tempore
1621 2162 1801 2203 Tarandi

136 2237 353 2278 macilenti
382 2248 496 2286 sunt,
538 2237 611 2293 qui
657 2250 852 2278 autumno
881 2249 1042 2292 tergora
1071 2236 1324 2292 pinguedine
1367 2236 1589 2277 incrustata
1631 2237 1801 2278 habent.

136 2313 399 2354 Domesticos
444 2324 652 2361 mactant,
693 2313 875 2353 immissa
918 2327 992 2368 per
1033 2312 1210 2352 incisum
1254 2311 1523 2367 diaphragma
1566 2328 1687 2352 manu
1730 2326 1801 2352 cor

135 2388 419 2437 vulnerantes,
450 2400 495 2428 ut
524 2388 639 2430 omni
661 2388 872 2445 potiantur
895 2387 1114 2443 sanguine,
1145 2401 1268 2442 quem
1291 2402 1385 2428 cum
1407 2387 1613 2428 radicibus
1636 2398 1799 2429 coctum

1371 2478 1421 2513 27
