2196 2927
871 200 1014 229 Ξ
1685 209 1767 248 293

100 309 258 359 „einim
315 306 446 346 Labici·
475 303 668 345 inferiora
705 303 999 360 praegrandia,
1043 302 1224 352 tumida,
1269 318 1312 346 os
1342 318 1450 347 arcte
1480 307 1718 348 claudentia
1747 323 1770 347 e

104 399 233 438 „pura
263 381 519 437 pinguedine
550 382 676 429 facta,
714 394 817 433 quae
848 378 1007 433 optima
1036 378 1080 418 in
1108 390 1195 419 tota
1223 380 1400 420 Balaena
1436 394 1638 422 censetur.
1697 385 1775 423 Pa-

106 462 262 504 „Zatum
290 456 425 496 canali
453 454 595 495 medio
624 455 829 509 profundo
860 464 1095 500 exaratum,
1139 468 1276 493 versus
1306 466 1477 496 rostrum
1515 458 1667 498 sensim
1706 475 1771 498 an-

100 532 329 587 „giistiorffi
376 529 554 570 lamellis
593 528 715 577 albis,
761 528 964 574 nervosis,
1008 528 1142 568 veluti
1182 528 1372 569 loricato·
1443 530 1562 570 Oculi
1603 533 1772 573 bovillis

99 611 320 661 „majores3
351 618 479 660 prope
510 603 729 643 articulum
760 603 956 644 maxillae
985 603 1072 652 siti3
1110 620 1250 644 nervus
1274 603 1585 659 ophthalmicus
1613 607 1684 646 vix
1708 623 1772 648 co-

99 681 318 731 „lumbino
349 679 508 719 calamo
539 678 723 718 crassior.
792 679 920 719 Irides
961 680 1196 735 plumbeae.
1266 681 1484 721 Sclerotica
1522 681 1773 721 substantiae

98 757 235 804 „inter
263 769 420 795 osseam
461 764 504 793 et
534 752 848 808 cartilagineam
878 754 1062 801 mediae,
1092 754 1251 810 postice
1283 756 1334 795 ad
1355 764 1380 805 4
1402 755 1533 795 lineas
1558 771 1703 796 crassa.
1727 781 1772 784 -

98 831 284 881 „Trabes
312 829 486 869 laminas
517 829 599 869 oris
629 828 878 869 sustinentes
923 831 1148 870 admodum
1189 830 1413 884 peculiaris
1455 842 1548 870 sunt
1593 832 1774 870 substan-

98 905 231 956 ‚,tiae‚
275 919 379 958 quae
422 919 498 944 nec
530 918 699 952 cornea,
746 918 823 943 nec
852 904 1122 959 cartilaginea
1153 904 1292 944 vocari
1321 917 1478 960 potest,
1522 907 1594 946 sed
1637 917 1774 961 potius

99 982 335 1029 „coriacea3
384 979 543 1018 corium
572 978 685 1018 enim
715 979 960 1019 bubalinum
990 994 1064 1034 pro
1095 979 1218 1019 soleis
1247 992 1460 1035 paratum,
1504 982 1572 1021 vel
1602 981 1774 1035 ungulas

97 1055 198 1104 „diu
230 1069 333 1108 aqua
363 1054 524 1094 fervida
555 1053 730 1093 elixatas
762 1054 1010 1103 aemulatur,
1056 1066 1098 1094 et
1127 1055 1376 1095 lamellatim
1407 1057 1540 1096 cultro
1569 1056 1703 1096 scindi
1732 1070 1773 1095 sc

96 1129 302 1184 „patitur,
346 1145 367 1167 a
410 1128 640 1183 gentilibus
681 1145 756 1183 pro
798 1129 894 1169 cibo
933 1129 1054 1169 avide
1099 1130 1304 1185 expetita,
1354 1130 1455 1171 licet
1496 1131 1691 1186 insipida.
1721 1155 1774 1161 —-

97 1204 356 1253 „Umbz'licus
385 1203 516 1243 instar
544 1202 653 1243 orbis
682 1204 844 1243 stannei
882 1204 926 1244 in
964 1204 1106 1244 medio
1144 1216 1288 1245 ventre
1326 1206 1549 1260 prominet.
1620 1208 1773 1247 Puden-

96 1280 222 1329 ‚,dum
253 1295 272 1317 2
305 1279 402 1334 ped.
434 1279 623 1333 longum,
666 1279 796 1318 forma
824 1277 1012 1328 rhombi,
1057 1279 1178 1319 labiis
1208 1279 1321 1320 duris
1351 1292 1393 1320 et
1421 1281 1585 1328 crassis,
1625 1281 1774 1336 quibus

97 1353 320 1404 „imminet
350 1353 508 1393 clitoris
538 1353 773 1409 pollicaris,
817 1355 935 1403 dura,
982 1354 1136 1408 glabra.
1202 1354 1395 1395 Proxime
1440 1357 1490 1396 ad
1533 1357 1776 1411 pudendum

97 1446 226 1479 „anus
256 1428 352 1469 satis
383 1439 593 1482 angustus,
640 1429 712 1468 vix
742 1429 869 1469 trium
897 1429 1123 1483 digitorum
1155 1430 1446 1484 amplitudine.
1505 1431 1774 1486 Tripollicari

97 1503 319 1558 „utrinque
351 1520 372 1543 a
402 1504 599 1558 pudendo
630 1504 828 1544 distantia
872 1520 1072 1545 mammae
1107 1503 1317 1558 singulae,
1362 1509 1423 1545 δ”.
1454 1509 1523 1558 7'“.
1554 1507 1701 1561 longae
1733 1518 1774 1547 et

96 1580 178 1629 „ad
208 1578 408 1633 papillam
438 1588 463 1627 4
492 1579 594 1633 poll.
636 1578 882 1626 latitudine,
924 1576 969 1618 in
1012 1580 1118 1619 fossa
1159 1579 1309 1620 itidem
1352 1579 1630 1620 subrhombea
1666 1578 1774 1620 'deli-

95 1664 342 1704 „tescentes.
401 1654 586 1708 Papillae
617 1653 691 1693 vix
719 1654 876 1709 pollice
907 1653 1138 1708 longiores,
1170 1665 1212 1694 et
1241 1669 1337 1694 cum
1366 1656 1505 1695 areola
1532 1666 1692 1695 saccata
1721 1655 1772 1695 si-

96 1729 212 1779 „mul
242 1739 473 1768 extrorsum
502 1728 777 1783 protractiles.
804 1752 860 1760 —-
905 1730 1051 1769 cauda
1096 1717 1259 1776 Zalida,
1303 1729 1529 1784 forcipata,
1569 1732 1773 1771 cornubus

96 1803 289 1854 „lunatis.
349 1805 539 1844 cuticula
567 1803 703 1858 nigra,
737 1803 1014 1859 semipollicis
1041 1804 1246 1854 crassitie,
1284 1815 1418 1845 totum
1448 1820 1595 1860 corpus
1625 1805 1770 1854 ambit,

96 1878 234 1928 „circa
264 1890 386 1933 caput
416 1894 632 1934 scruposa,
662 1879 888 1935 multisque
918 1879 1146 1920 acetabulis
1174 1879 1507 1935 prominentibus
1537 1891 1581 1920 et
1610 1880 1771 1920 fossulis

95 1953 366 2007 ‚,inaequalis.
448 1953 618 1994 Corium
648 1955 762 1995 fumo
793 1955 992 1994 siccatum
1023 1956 1153 1995 soleas
1182 1957 1354 2010 praebet
1382 1954 1456 1994 vix
1487 1970 1670 2008 unquam
1697 1970 1772 1994 usu

98 2029 379 2077 ‚,atterendas,
411 2041 454 2069 et
483 2044 504 2068 e
539 2028 692 2068 validis
720 2031 872 2070 caudae
902 2029 1149 2070 tendinibus
1173 2042 1368 2085 parantur
1395 2029 1575 2070 chordae
1605 2044 1774 2070 arcuum

96 2102 372 2152 „fortissimae
386 2110 425 2144 “.
481 2105 507 2142 S
519 2113 534 2143 t
547 2107 591 2144 el
602 2107 645 2145 le
656 2121 690 2144 r,

447 2228 570 2269 150.
660 2227 988 2269 BALAEN
1010 2229 1050 2270 A
1121 2228 1427 2272 Masculus.

231 2321 276 2358 B.
307 2317 523 2373 tripinnFS,
554 2317 727 2358 maxilla
755 2317 952 2360 inferiore
982 2319 1131 2359 latiore
1160 2322 1399 2371 rotundam,
1447 2324 1610 2375 (ventre
1640 2321 1770 2361 sulca-

95 2394 179 2445 to),
209 2393 390 2433 sibbald.
422 2396 607 2448 plu'zlaen.
639 2411 678 2448 p.
711 2401 775 2436 33.
812 2394 892 2435 cab.
923 2405 961 2448 4.
991 2397 1082 2454 Raj.
1114 2401 1211 2451 pisc-
1243 2413 1284 2452 p.
1320 2405 1380 2439 ιδ.
