2196 2927
847 177 992 191 ········
1665 178 1752 219 249

310 276 443 318 Boeuf
468 277 582 326 velu,
615 277 677 317 De
706 276 848 330 Bruyn
875 280 919 316 ic.
951 289 1073 315 mose.
1102 278 1130 315 l.
1173 291 1212 330 p.
1249 292 1334 317 120.
1371 277 1454 317 tab.
1491 291 1573 327 129.

306 354 444 392 Vacca
474 353 694 406 grunniens
723 351 890 399 villosa,
929 350 1058 389 cauda
1086 349 1256 403 equina,
1293 352 1461 392 Gmelin.
1493 354 1616 403 (sen.)
1646 349 1750 390 Nov.

363 443 465 467 com.
495 428 653 478 Petrop.
686 427 733 464 V.
765 442 803 479 p.
836 431 927 475 339.
958 425 1041 465 tab.
1070 442 1108 477 7.
1140 429 1370 477 (cornuta),
1399 443 1438 481 p.
1465 434 1529 467 δι.
1559 441 1749 467 summar.

305 504 385 543 Bos
414 499 655 554 grunniens,
684 501 771 539 Lin.
801 510 904 553 syst.
934 501 1029 539 XII.
1058 501 1090 539 I.
1128 516 1166 555 p.
1196 517 1260 550 99.
1290 515 1350 555 sp.
1381 508 1419 548 4.

304 574 448 614 Vache
479 575 530 613 de
559 573 766 621 Tartarie,
796 576 956 627 Buffon.
985 575 1128 631 quadr.
1159 576 1249 615 XV.
1288 591 1326 629 p.
1365 581 1449 616 136.

304 650 407 690 Pall„
438 658 517 688 act.
549 649 707 700 Petrop.
738 653 770 690 I.
812 661 917 705 part.
964 666 1000 690 2.
1043 666 1083 705 p.
1115 657 1206 691 332⁴
1249 650 1376 690 Nord.
1419 650 1560 703 Beytr.
1591 650 1623 687 I.
1654 665 1693 703 p.
1718 669 1749 690 i.

358 724 442 763 tab.
479 741 510 762 1.
541 724 783 777 (excornis).

196 798 405 854 Mongolis
434 800 584 852 Sarlyk
602 824 615 829 -
636 801 736 840 ukir.
803 799 1141 854 Kirgiso-tataris
1174 800 1355 854 Silggun.
1425 797 1665 840 Sinensibus
1693 799 1751 840 Si-

248 878 331 930 m‘ju
362 877 520 927 (Vacca
549 875 722 926 lavans).
779 875 980 929 Tangutis
1016 876 1241 928 VVremong.

223 949 464 989 Domestica
495 950 602 1004 apud
633 950 850 1003 Mongolos
880 949 1030 1004 passim
1061 950 1205 998 alitur,
1252 959 1293 988 et
1321 947 1365 987 in
1394 948 1567 989 Vivario
1597 953 1753 990 Moscu-

86 1022 177 1064 ensi
207 1024 389 1078 speciem
417 1035 634 1079 propagat,
664 1040 685 1063 a
715 1024 1022 1079 magnitudine,
1052 1041 1131 1079 qua
1161 1034 1384 1079 spontanea
1414 1022 1523 1062 inter
1544 1025 1754 1078 Tybetum

88 1111 131 1139 et
161 1098 323 1139 Indiam
353 1098 541 1140 habitare
572 1100 719 1148 fertur,
753 1101 977 1140 admodum
1007 1099 1237 1147 deminuta,
1285 1096 1393 1138 mihi
1421 1109 1581 1138 tantum
1611 1113 1754 1139 excor-

88 1173 151 1213 nis
182 1173 288 1222 visa,
318 1175 462 1212 tubere
492 1173 661 1213 verticis
691 1189 807 1214 osseo
836 1174 1239 1229 prominentissimo,
1283 1184 1325 1212 ut
1363 1172 1485 1212 icone
1515 1188 1755 1228 expressum

87 1259 161 1288 est.
220 1246 558 1302 Descriptionem
588 1262 721 1286 meam
760 1252 855 1300 (loc.
885 1252 972 1300 cit.)
1004 1264 1086 1289 non
1116 1259 1273 1303 repeto.
1332 1250 1516 1296 Incessu,
1556 1248 1753 1299 moribus,

89 1322 261 1377 aquatili
286 1321 485 1362 instinctu
511 1332 671 1361 tantum
693 1321 821 1362 habet
843 1339 938 1363 cum
958 1323 1109 1363 Rubalo
1133 1320 1440 1370 similitudinis,
1472 1332 1518 1360 ut
1539 1336 1590 1362 ex
1605 1324 1755 1365 eadem

88 1399 173 1438 fera
202 1397 351 1452 stirpe,
391 1412 517 1452 quam
554 1396 743 1450 Mongoli
780 1399 962 1438 Chainuk
991 1409 1161 1444 vocant,
1205 1408 1246 1436 et
1288 1400 1487 1447 majorem
1529 1397 1754 1452 perhibent

87 1471 170 1512 orti
200 1472 430 1512 videantur.
501 1471 655 1510 Differt
685 1471 865 1511 maxime
897 1472 998 1512 villo
1028 1473 1161 1526 largo,
1205 1470 1390 1526 prolixo,
1435 1473 1573 1512 subtus
1617 1476 1681 1525 (ut
1709 1473 1754 1515 in

92 1546 259 1586 Bubalis
289 1545 434 1598 etiam)
463 1545 713 1599 prolixiore,
743 1547 952 1600 caudaque
983 1546 1153 1600 equina,
1196 1544 1458 1598 longissima,
1499 1546 1665 1586 sericeis
1694 1548 1754 1602 pi-

91 1620 142 1660 lis
172 1619 354 1674 undique
384 1619 478 1659 laxe
508 1630 672 1674 operta,
716 1635 836 1674 saepe
866 1620 1005 1670 nivea,
1050 1632 1093 1660 ut
1115 1620 1164 1659 ¹et
1204 1618 1340 1674 ipsum
1383 1618 1548 1659 animal.
1619 1620 1755 1660 Vituli

94 1694 196 1734 villo
219 1693 354 1748 crispo
375 1705 607 1734 nascuntur.
666 1694 947 1748 Longissimae
970 1695 1123 1734 caudae
1150 1693 1344 1734 meminit
1373 1695 1433 1734 Pe
1446 1710 1471 1733 η
1482 1704 1611 1733 nant.
1642 1698 1753 1747 (hist.

96 1770 236 1824 quadr.
267 1771 300 1809 Ι.
328 1785 370 1824 p.
402 1771 484 1821 22.)
514 1768 559 1808 in
588 1783 728 1808 museo
759 1768 992 1809 britannico
1030 1780 1272 1809 asservatae.

446 1963 710 2014 XXVIII.
802 1960 1405 2014 ANTILOPAE.

246 2132 462 2188 Elegantia
491 2135 660 2175 cervino
691 2135 832 2189 generi
869 2135 981 2175 haud
1024 2135 1157 2188 impar
1198 2134 1485 2188 Antiloparum
1525 2147 1669 2188 genus,
1712 2136 1755 2175 in

102 2210 330 2263 Spicilegiis
361 2210 495 2262 (Fasc.
525 2211 557 2249 I.
587 2220 623 2249 et
653 2211 766 2261 XII.)
796 2210 1002 2263 quondm]
1040 2207 1099 2248 ita
1137 2207 1322 2248 stabilivi
1365 2219 1405 2247 et
1446 2207 1669 2259 illustravi,
1713 2221 1758 2250 ut

99 2283 207 2322 nihil
239 2283 281 2323 in
312 2283 435 2323 dictis
465 2284 531 2323 vel
562 2284 805 2323 mutandum
834 2284 900 2323 vel
931 2284 1166 2323 addendum
1194 2282 1419 2323 inveniam.
1476 2283 1644 2338 Species
1675 2287 1759 2337 eju—*s

103 2356 147 2397 in
178 2357 339 2398 ditione
369 2360 534 2400 Faunae
562 2360 717 2399 Rosso-
735 2359 944 2400 Asiaticae
973 2369 1134 2399 tantum
1175 2369 1350 2414 quatuor
1391 2358 1594 2398 novimus.
1662 2362 1758 2406 Vox

1272 2439 1321 2475 32
