2196 2927
345 217 433 260 492
1114 217 1260 240 ===

622 320 706 361 tab.
743 336 801 371 19.
822 320 906 373 fig.
939 334 975 359 2.
1004 317 1184 358 Brisson.
1215 332 1298 358 orn.
1328 316 1404 356 HI.
1435 322 1581 373 p.418.
1613 315 1730 359 Zool.
1756 317 1846 358 brit.
1869 320 1917 374 p.
1941 334 2027 359 100.

625 411 686 451 sp.
718 402 756 437 5.
787 395 870 435 tab.
901 401 966 436 52.

568 469 788 511 Motacilla
817 470 1053 518 Rubecula,
1086 470 1162 508 Lin
1189 478 1292 523 syst.
1323 469 1417 509 XII.
1448 470 1481 508 I.
1519 485 1558 525 p.
1591 476 1682 522 337.
1711 484 1772 524 sp.
1803 475 1869 520 45.

574 548 869 601 Rougegorge,
898 545 1127 585 D’Aubent.
1159 549 1254 601 pict.
1293 546 1378 585 tab.
1410 551 1501 586 361.
1536 547 1619 600 fig.
1658 562 1690 584 ι.

573 623 868 668 Red-breast,
896 623 1084 661 Latham.
1114 636 1205 674 syn.
1236 622 1307 660 IV.
1337 637 1375 676 p.
1406 630 1497 672 442.
1528 637 1565 661 n.
1597 627 1663 661 36.

463 696 603 737 Rossis
631 699 864 751 Malinoflza
896 697 1020 749 (forte
1052 712 1074 736 a
1102 697 1344 750 rubedine),
1375 696 1479 736 item
1501 696 1826 738 Krasnoscheika
1851 705 1893 736 et
1914 695 2039 736 Kras-

519 774 726 826 noglotka.

491 850 539 887 In
570 847 715 888 Rossia
746 848 877 887 multo
907 846 1042 887 minus
1072 848 1284 902 frequens,
1314 863 1438 903 quam
1458 847 1502 887 in
1518 847 1879 902 reliqua'Europa;
1910 845 2038 886 etiam

356 921 409 962 acl
440 922 613 963 Carnam
642 922 886 962 inferiorem
915 933 957 962 et
986 922 1029 962 in
1060 922 1321 964 Chersoneso
1351 923 1509 963 taurica
1540 922 1789 978 migrantem
1818 921 2038 962 observavi

354 997 497 1053 Aprili
526 1009 569 1037 et
599 1009 810 1038 autumno.
882 999 963 1037 Sed
993 998 1099 1037 ultra
1130 999 1330 1039 Uralense
1370 1003 1512 1054 jugum
1540 1013 1616 1054 per
1644 1012 1812 1038 omnem
1843 997 2040 1038 Sibiriam

354 1087 438 1113 non
469 1073 598 1128 magis
629 1085 820 1129 apparet,
851 1089 975 1129 quam
1005 1075 1209 1122 Rubetra,
1242 1073 1512 1130 Atricapilla,
1550 1072 1769 1114 Erithacus
1799 1083 1841 1113 et
1869 1073 2039 1127 Troglo-

357 1148 500 1203 dytes,
540 1148 584 1188 in
614 1152 778 1204 Europa
809 1149 911 1189 licet
942 1150 1142 1204 vulgares.
1219 1151 1529 1204 (Atricapillcm
1557 1149 1754 1205 equidem
1783 1149 1894 1189 inter
1922 1149 2040 1189 Cam-

355 1222 579 1265 tschaticas
611 1240 705 1265 aves
737 1224 946 1264 recensuit
976 1226 1246 1271 Stellerus5
1285 1226 1357 1265 sed
1386 1224 1638 1279 descriptio,
1670 1240 1794 1279 quam
1823 1224 1867 1263 in
1897 1226 2041 1262 Manu-

358 1297 523 1353 scriptis
564 1304 651 1353 ejus
695 1299 888 1348 invenio,
931 1315 1015 1340 non
1061 1299 1379 1354 Atricapillam,
1422 1300 1494 1339 sed
1536 1302 1683 1339 Parum
1720 1300 1945 1354 palustrem
1974 1299 2043 1339 de-

358 1372 505 1427 signat.
564 1373 862 1430 Atricapillam
892 1390 989 1415 vero
1020 1389 1071 1415 ne
1101 1375 1145 1414 in
1174 1374 1321 1415 Rossia
1351 1373 1523 1429 quidem
1554 1389 1735 1429 unquam
1756 1372 1949 1414 obtinere
1972 1388 2043 1428 po-

358 1449 456 1498 tui).
514 1453 562 1489 In
590 1448 793 1490 Tauricae
824 1449 1063 1490 chersonesi
1106 1449 1313 1490 montanis
1342 1450 1560 1489 Rubecula
1589 1449 1820 1498 interdum,
1866 1447 2043 1488 mitiori-

359 1524 434 1563 bus
466 1524 602 1573 annis,
636 1524 855 1580 hybernat.
913 1528 978 1564 De
997 1525 1119 1579 hujus
1143 1524 1427 1564 familiaritate
1451 1523 1638 1579 hyberna
1655 1523 1810 1564 cecinit
1843 1525 2043 1580 leomp-

358 1614 446 1639 son
473 1599 517 1639 in
547 1601 738 1641 Poemate
768 1602 820 1640 de
848 1600 1108 1657 temporibus
1150 1600 1267 1650 anni,
1311 1611 1355 1641 et
1383 1600 1597 1655 eleganter
1624 1599 1789 1656 scripsit
1816 1601 2043 1641 Permane

358 1672 403 1714 in
432 1675 635 1729 Zoologia
667 1677 907 1717 britannica.

494 1751 640 1791 Nota.
699 1754 812 1805 Quos
843 1753 895 1791 ad
924 1751 1096 1792 Carnam
1127 1752 1167 1790 fl.
1213 1750 1323 1791 circa
1364 1749 1504 1790 vicum
1545 1751 1722 1806 Sarapul
1763 1748 1945 1790 obtinui:
1989 1748 2040 1789 iis

360 1825 527 1879 plumae
556 1826 666 1866 circa
696 1838 891 1874 rostrum,
924 1837 965 1865 et
995 1829 1144 1866 collum
1174 1827 1315 1866 subtus
1343 1837 1477 1865 totum
1506 1838 1635 1880 usque
1665 1826 1715 1864 ad
1744 1826 1929 1879 jugulum
1957 1825 2040 1864 late

362 1899 478 1939 fulvo
496 1902 646 1941 —rubro
675 1901 830 1941 colore.
902 1901 1087 1940 Circulus
1127 1915 1199 1940 seu
1234 1898 1333 1940 halo
1363 1899 1838 1940 canescente-cinereus
1867 1898 2042 1939 fulvedi-

360 1989 456 2014 nem
484 1976 615 2030 juguli
645 1975 838 2030 utrinque
868 1974 1071 2022 includit,
1098 1975 1205 2015 ultra
1234 1991 1359 2031 quem
1389 1974 1517 2015 facies
1538 1991 1666 2031 prona
1687 1986 1774 2015 tota
1797 1975 1922 2015 albet.
1966 1976 2045 2014 La·

363 2060 448 2091 tera
477 2050 750 2092 cinerascunt.
797 2051 997 2092 Tectrices
1021 2051 1289 2092 secundariae
1320 2050 1528 2092 exteriore
1552 2051 1670 2107 apice
1699 2050 1897 2107 pallidae.
1940 2050 2042 2091 Cau-

364 2126 422 2167 cla*
448 2126 710 2168 uniformiter
741 2128 865 2168 fusca.

628 2218 750 2257 127.
842 2207 891 2250 M
919 2207 961 2249 O
989 2207 1033 2250 T
1062 2208 1102 2250 A
1134 2207 1173 2252 C
1203 2208 1220 2251 Ι
1249 2209 1282 2251 L
1311 2209 1345 2250 L
1374 2206 1415 2250 A
1489 2206 1787 2251 Salicaria.

501 2281 560 2318 M.
592 2277 757 2318 cinerea
786 2279 928 2319 subtus
958 2279 1072 2326 alba,
1101 2278 1334 2334 superciliis
1366 2278 1491 2326 albis,
1526 2266 1671 2319 cauda'
1685 2278 1919 2318 rotundata.

583 2353 800 2404 Salicaria,
833 2356 1084 2405 Auctormn,
1122 2355 1341 2409 Wz'llughb.
1372 2371 1455 2395 orn.
1486 2371 1525 2411 p.
1563 2361 1649 2396 158.
1691 2355 1780 2412 Raj.
1811 2369 1874 2393 av.
1905 2367 1944 2407 p.
1976 2353 2041 2390 61.

637 2429 775 2470 Albin.
805 2446 870 2471 αυ.
898 2432 973 2472 ΙΙΙ.
1009 2448 1050 2486 p.
1082 2439 1146 2473 26.
1177 2431 1260 2473 tab.
1292 2438 1356 2473 60.
1388 2430 1551 2487 (mala).
