2196 2927
399 189 481 235 158
1156 195 1300 218 e..

393 311 503 336 nunc
533 293 662 348 magis
691 304 814 348 atque
848 291 979 347 magis
1008 290 1201 333 adhiberi
1241 303 1486 348 coeperunt.
1553 293 1751 334 Feminae
1792 294 2068 336 Americanae

392 371 634 424 jamdudum
662 368 879 409 interiores
907 379 1042 408 vestes
1070 384 1158 408 suas
1186 368 1530 410 indusiaeformes
1560 385 1582 410 e
1613 370 1851 411 Citillorum
1887 371 2066 426 pellibus

392 459 591 485 consuere
620 455 863 491 sueverunt,
905 459 1003 499 quas
1042 444 1223 498 integras
1251 458 1326 499 per
1353 444 1577 485 incisuram
1617 445 1821 500 posticam
1863 447 2067 485 detractas

391 519 449 560 ita
479 523 672 574 jungunt,
705 531 750 559 ut
780 521 898 559 dorsa
926 519 1182 574 elegantiora
1211 531 1329 559 extus
1360 532 1601 576 appareant,
1632 537 1727 562 cum
1743 519 2067 561 adhaerentibus

392 595 555 642 caudsss,
585 607 747 636 ventres
776 595 857 634 sint
885 595 1083 635 interiore
1112 596 1255 635 latere.

525 672 674 712 Nota.
731 672 965 711 Americani
995 682 1034 710 et
1064 686 1115 710 ex
1146 671 1282 710 Insula
1312 671 1468 711 Kadiac
1505 671 1727 712 Americae
1772 671 1911 712 vicina
1953 669 2070 710 allati

391 745 529 787 Citilli
558 746 714 787 similes
744 748 828 786 fere
860 745 1177 787 Casaniensibus
1208 746 1397 800 gustatis,
1429 749 1501 787 sed
1532 748 1656 802 paulo
1686 751 1860 800 majores
1890 757 1932 785 et
1969 761 2070 801 pun—

392 821 468 861 ctis
498 822 631 862 minus
662 821 883 862 distinctis,
929 821 1062 875 Caput
1093 835 1211 874 supra
1241 837 1262 859 a
1291 837 1389 861 naso
1420 822 1627 862 albicante
1659 823 1710 862 ad
1738 822 1905 877 occiput
1935 821 2070 860 inten-

391 912 432 937 se
461 897 763 949 ferrugineum,
806 896 987 950 collique
1017 896 1144 934 latera
1172 895 1440 944 latescentia3
1484 908 1695 936 caeterum
1740 898 1880 937 subtus
1923 896 2068 937 albidi.

393 974 533 1014 Cauda
575 975 714 1013 subtus
756 970 1119 1026 longitudinaliter
1160 972 1260 1010 rufa.
1294 998 1340 1002 —
1384 974 1568 1012 Daurica
1612 977 1788 1012 varietas
1830 971 2069 1025 majuscula,

391 1049 608 1096 exalbida,
637 1059 847 1103 punctam.
877 1072 930 1077 -—
961 1046 1081 1087 Circa
1112 1047 1311 1086 Odcssczm
1344 1059 1385 1087 et
1414 1047 1458 1087 in
1488 1046 1646 1101 campis
1688 1061 1826 1086 versus
1860 1050 2000 1101 Tyran
2029 1047 2070 1086 fl.

388 1124 572 1179 parvuli,
601 1123 673 1163 vix
702 1123 989 1169 dodrantales,
1023 1121 1195 1161 maculis
1226 1121 1331 1162 albis
1360 1121 1557 1177 perlatis,
1588 1134 1632 1162 ut
1656 1122 1946 1169 Casanienses3
1978 1136 2068 1161 cau-

388 1200 438 1238 da
467 1199 569 1239 item
600 1214 681 1238 non
709 1209 889 1253 pennata
918 1198 990 1236 sed
1018 1197 1155 1236 tereti.
1227 1200 1292 1236 De
1327 1197 1498 1252 reliquis
1530 1200 1650 1239 Conf.
1680 1199 1784 1237 Nov.
1816 1200 1929 1250 Spec.
1961 1197 2070 1252 Qua-

389 1275 612 1328 drupedum
641 1289 660 1313 e
691 1274 862 1313 Glirz'um
892 1273 1049 1320 ordine,
1092 1272 1119 1311 l.
1151 1272 1223 1311 cit.
1254 1273 1411 1312 Buccae
1442 1273 1737 1319 sacculiferae,
1779 1283 1822 1311 ut
1851 1272 1894 1311 in
1925 1271 2070 1311 Sciuro

389 1349 554 1397 striato,
597 1347 776 1389 Cricetis
811 1359 853 1387 et
883 1346 1130 1402 quibusdam
1173 1346 1328 1387 Simssis.
1400 1347 1716 1387 Animalculum
1758 1347 1921 1402 frigoris
1964 1348 2068 1387 adeo

388 1423 610 1479 impatiens
638 1423 747 1463 intra
776 1422 1002 1462 stadiorum
1032 1421 1275 1476 quindecim
1305 1422 1545 1461 distantiam
1577 1438 1598 1461 a
1627 1422 1731 1464 mari
1762 1423 1951 1478 glaciali,
1983 1436 2071 1462 ver-

388 1515 451 1540 sus
479 1499 583 1540 ostia
613 1502 826 1554 Kovyrnae
855 1499 894 1537 fl.
924 1498 1187 1536 observatum
1218 1513 1240 1536 a
1268 1498 1322 1536 D,
1353 1499 1407 1536 D.
1436 1499 1584 1538 Merk-

840 1671 970 1721 XVI.
1048 1671 1610 1721 SPALACES.

519 1791 712 1846 Spalaces
741 1802 884 1827 omnes
915 1790 1225 1829 subterraneam
1270 1791 1356 1828 fere
1403 1789 1531 1828 vitam
1563 1788 1738 1835 ducunt,
1785 1785 1993 1826 radicibus
2024 1797 2068 1825 et

386 1865 523 1907 bulbis
552 1866 788 1920 plantarum
817 1863 1030 1912 viventes,
1072 1879 1170 1918 quas
1199 1864 1411 1904 canalibus
1442 1864 1515 1903 sub
1546 1861 1730 1916 caespite
1762 1860 1944 1910 effossis,
1988 1871 2067 1900 ter-

387 1956 473 1981 ram
501 1956 576 1997 per
605 1939 826 1979 intervalla
856 1939 1033 1979 cumulis
1063 1951 1302 1994 egerentes,
1344 1950 1389 1979 ut
1434 1925 1612 1993 Talpae‚
1654 1937 1852 1990 indagare
1895 1947 2067 1985 norunt;

387 2020 495 2057 Raro
524 2016 568 2056 in
598 2014 860 2070 superficiem
887 2025 1021 2054 terrae
1052 2014 1225 2063 exituri3
1256 2017 1366 2055 unde
1396 2014 1488 2054 visu
1514 2028 1659 2069 parum
1690 2013 1778 2066 (vel
1806 2012 1930 2066 plane
1962 2015 2067 2065 non)

386 2092 561 2146 pollent.
621 2090 790 2145 Species
821 2089 940 2130 nobis
968 2101 1073 2138 tres,
1111 2092 1192 2131 duo
1223 2093 1274 2131 ad
1304 2088 1638 2131 Promontorium
1667 2091 1807 2127 Bonae
1839 2086 1938 2142 Spei
1967 2085 2065 2129 huc-

389 2181 512 2221 usque
556 2166 846 2214 innotuerunt3
891 2180 968 2205 nec
1006 2166 1153 2207 dubito
1189 2168 1328 2222 plures
1373 2164 1509 2205 adhuc
1538 2166 1691 2213 latere,
1739 2178 1912 2218 quarum
1941 2177 2066 2201 unam

389 2241 431 2280 in
459 2242 636 2283 Taurica
667 2241 928 2282 Chersoneso
960 2241 1049 2282 dari
1078 2241 1257 2297 suspicio
1287 2252 1367 2290 est,
1409 2240 1620 2281 canalibus
1649 2254 1724 2295 per
1754 2254 1901 2293 magna
1933 2236 2066 2293 spatia

390 2316 619 2357 rectissima
648 2318 760 2358 linea
789 2319 1111 2373 procedentem,
1141 2332 1283 2370 quam,
1314 2332 1335 2356 e
1353 2316 1549 2363 cumulis,
1578 2331 1661 2355 non
1689 2318 1888 2368 majorem
1917 2315 1955 2352 S.
1982 2328 2064 2351 mu-

388 2394 473 2431 rino
489 2404 575 2431 esse
591 2395 743 2445 judico,
763 2394 836 2434 sed
852 2392 1004 2433 animal
1021 2393 1135 2433 nulla
1150 2390 1334 2433 hucdum
1354 2391 1543 2432 adhibita
1558 2406 1683 2446 opera
1697 2401 1915 2445 procurare
1930 2386 2063 2443 potui.
