2196 2927
349 198 456 254 'xiv

353 350 653 399 commendet,
690 347 908 391 naturalia
950 361 1113 407 genera
1151 346 1412 402 discerpunt
1432 359 1483 388 ac
1505 346 1772 391 distrahunt.
1848 347 2013 395 Contra

352 437 387 479 si
409 437 617 478 methodo
638 435 829 477 naturali
853 435 1129 476 excolendae
1149 433 1357 488 primario
1388 432 1688 475 inhaesissent
1709 437 2018 480 methodorum

350 523 537 564 artifices
575 532 621 564 et
657 523 813 563 saltem
850 533 1011 578 genera
1048 518 1297 566 naturalia,
1368 520 1616 576 complexu
1653 520 2011 573 similitudinum,

347 621 435 649 non
477 607 657 650 minutis
695 607 954 648 differentiis
994 605 1328 647 determinanda
1367 613 1412 645 et
1432 606 1760 661 aequabilitate
1799 607 2014 649 discrimi-

348 707 453 734 num
482 694 791 746 dijudicanda,
828 706 913 733 non
935 691 1274 747 discerpsissent.
1303 690 1611 733 artificialibus
1640 700 1685 733 et
1705 706 1840 748 saepe
1860 695 2013 749 pueri-

347 779 469 821 libus
499 793 738 835 synopseos
767 779 996 820 adamatae
1017 776 1213 820 terminis
1234 777 1524 833 adamantes,
1562 791 1651 819 non
1671 778 1785 819 adeo
1806 778 1852 820 in
1872 781 2011 821 nomi-

346 865 477 906 nibus
514 865 650 907 hodie
687 865 973 906 laboraretur.

516 951 563 992 In
590 950 868 1006 disponendo
897 950 981 990 hoc
1004 964 1140 1006 opere
1168 949 1376 992 Ordinem
1414 958 1595 991 secutus
1617 962 1713 991 sum
1750 952 2007 1003 naturalem,

345 1048 476 1090 quem
497 1037 628 1078 etiam
650 1036 713 1078 Ill.
752 1036 1027 1077 innnaeus
1056 1036 1192 1077 tacite
1218 1036 1422 1091 agnovit,
1461 1035 1762 1089 antiquiorum
1784 1035 2008 1095 Zoologo-

345 1134 439 1161 rum
460 1122 665 1180 vestigiis
686 1123 908 1172 insistens,
947 1121 1024 1161 ubi
1048 1121 1211 1176 potuit.
1259 1119 1407 1170 Hujus
1427 1118 1609 1174 quidem
1633 1120 1831 1161 methodi
1851 1121 2010 1164 defini-

343 1205 487 1246 tiones
517 1207 719 1248 ordinum
749 1209 860 1248 adeo
889 1206 1208 1247 determinatae
1238 1205 1451 1260 praestari
1481 1218 1568 1245 non
1589 1214 1801 1260 possunt3
1840 1207 1940 1262 quis
1961 1221 2007 1249 e-

342 1291 432 1331 nim
452 1292 618 1333 talibus
639 1293 750 1334 adeo
771 1291 1052 1333 multiformis
1071 1301 1116 1333 et
1137 1290 1286 1332 variae
1306 1290 1501 1332 Naturae
1521 1292 1740 1347 producta
1759 1291 2008 1351 adstringe·

345 1388 389 1417 re
415 1373 585 1432 possit?
622 1392 736 1434 quae
765 1390 857 1420 non
888 1377 1171 1433 aphoristicis
1197 1386 1242 1417 et
1261 1376 1545 1418 scholasticis
1564 1377 1900 1419 definitionibus
1920 1379 2006 1420 cir-

346 1463 650 1519 cumscriptas,
679 1464 756 1504 sed
776 1464 1078 1520 pulcherrima
1101 1463 1368 1504 affinitatum
1389 1463 1500 1504 serie
1520 1463 1825 1514 continuatae,
1853 1465 2003 1516 justis-

344 1562 455 1602 que,
492 1549 547 1589 ab
568 1562 711 1605 aequo
732 1559 777 1590 et
796 1558 984 1604 experto
1033 1548 1234 1607 Zoologo
1280 1549 1582 1600 dijudicandis
1627 1548 1882 1591 intervallis
1923 1550 2006 1591 de·-

341 1633 536 1689 signatas
574 1632 840 1674 divissiones
878 1635 1153 1674 observatori
1189 1635 1330 1675 offert.
1370 1635 1582 1675 Attamen
1602 1635 1779 1675 ordines
1799 1635 1904 1675 satis
1924 1636 2004 1676 de-

336 1718 590 1759 terminatos
627 1718 900 1774 praestitisse
939 1719 1050 1758 mihi
1087 1718 1269 1766 videor,
1315 1725 1361 1757 et
1397 1731 1559 1774 genera
1599 1731 1769 1773 aequo,
1805 1718 2003 1769 nifallor,

338 1802 506 1853 iudicio
543 1804 796 1854 construxi,
835 1818 860 1845 a
888 1803 1139 1844 subtilitate
1170 1802 1215 1843 in
1236 1802 1557 1859 distinguendo
1595 1816 1767 1858 semper
1805 1803 2003 1857 alienus;

339 1901 422 1929 nec
460 1890 746 1945 opinionibus
767 1890 973 1952 novandi¹
988 1889 1285 1930 studiosorum
1304 1888 1519 1939 judicium
1542 1889 1821 1930 submittens.
1878 1888 2001 1931 Arti-

341 1974 503 2017 ficialia
541 1976 656 2018 enim
696 1986 798 2017 sunt
836 1976 1106 2031 Systemata,
1145 1988 1260 2031 quae
1298 1973 1364 2015 Ill.
1403 1967 1688 2031 Buffom‘o,
1745 1974 1937 2031 aliisque
1976 1989 2003 2017 a

340 2061 548 2102 methodo
586 2062 631 2102 in
669 2063 862 2103 naturali
901 2058 1084 2103 scientia
1125 2060 1309 2107 alienis,
1381 2069 1667 2101 scommatum
1705 2060 1830 2102 haud
1866 2074 2001 2116 parce

339 2144 658 2187 in'hodiernos
696 2147 888 2189 Naturae
927 2155 1190 2188 scrutatores
1229 2146 1465 2188 effusorum
1493 2146 1717 2187 materiam
1742 2146 2001 2202 praesertim

339 2231 655 2285 praebuerunt,
694 2233 798 2273 dum
819 2233 905 2287 ipsi
926 2233 1183 2274 sublimiora
1205 2232 1464 2273 affectantes
1477 2232 1694 2273 naturalis
1714 2231 1879 2273 ordinis
1900 2230 1998 2271 evi-

342 2314 520 2357 dentiae
542 2326 586 2358 et
607 2317 783 2358 deliciis
829 2332 922 2358 sese
966 2319 1225 2360 subtrahere
1263 2326 1518 2373 nequeunt,
1556 2317 1784 2372 taciteque
1814 2324 1999 2357 naturae

339 2401 473 2442 nutui
510 2401 616 2443 dant
654 2416 817 2443 manus.
