2196 2927
459 178 540 226 138
1205 184 1349 206 ----——

454 287 512 327 di.
570 282 786 324 Facillime
810 279 935 321 etiam
951 279 1177 321 cicurandi.
1234 283 1448 319 Praeterea
1462 279 1637 328 Blattas,
1668 278 1968 331 Tenebriones,
2002 282 2118 336 Gryl-

454 361 535 408 los,
564 359 650 400 imo
681 357 861 400 Cimices
892 357 1104 396 devorant.

586 463 730 503 Nota.
789 463 961 501 Feminis
1006 474 1208 513 mammae
1254 466 1275 500 5
1319 456 1494 513 parium.
1565 459 1723 499 Coecos
1765 457 1944 513 pariunt.
2016 460 2115 501 Vidi

451 539 629 592 juniores
658 549 767 577 totos
799 536 925 576 albos.
955 559 1006 566 —
1039 534 1283 581 Erinffleus,
1326 548 1449 588 quem
1486 547 1561 588 pro
1591 533 1751 587 sibirico
1782 533 1966 573 delineat
1994 535 2117 576 Seba

452 617 568 666 (thes.
599 615 631 652 I.
661 613 743 652 tab.
774 620 838 661 49.
860 613 944 665 fig.
975 620 1013 660 4.
1044 620 1080 650 et
1111 612 1167 662 5.)
1199 608 1364 648 videtur
1393 607 1571 662 vulgaris
1602 622 1708 654 esse,
1738 611 1850 661 cujus
1879 607 1990 649 nitor
2011 610 2117 650 sorte

451 705 474 729 a
502 687 721 743 spirituoso
751 686 911 740 liquore
942 696 983 724 et
1012 683 1266 740 pinguedine
1305 682 1496 723 inductus
1526 694 1625 722 erat.
1697 683 1819 723 Certe
1861 682 1972 723 nihil
2014 688 2116 737 ejus-

450 762 565 804 modi
593 777 666 817 per
694 772 828 801 totum
857 758 1073 800 Rossicum
1116 757 1340 814 Imperium
1370 757 1602 805 invenitur,
1644 768 1686 797 et
1714 756 1847 798 iconis
1885 757 2116 800 similitudo

449 837 586 893 potius
616 852 709 878 cum
738 838 807 875 Er.
837 838 1016 890 vulgari,
1046 849 1170 888 quam
1199 848 1294 872 cum
1323 837 1467 873 aurito.

642 993 727 1036 60.
815 985 1296 1034 ERINACEUS
1352 980 1582 1030 (auritus.
1648 985 1792 1029 TAB.
1831 987 1918 1029 XI.

584 1114 632 1152 E.
665 1110 828 1152 auribus
858 1108 1046 1150 ovalibus
1076 1106 1211 1163 capite
1240 1105 1516 1161 longioribus,
1557 1104 1719 1146 narium
1748 1105 1933 1161 margine
1961 1107 2114 1163 promi-

447 1187 546 1228 nulo
576 1187 801 1227 crenulato.

664 1259 888 1300 Erinaceus
918 1257 1090 1307 auritus,
1122 1258 1290 1298 Gmelin.
1327 1266 1428 1310 syst.
1459 1258 1546 1296 Lin.
1577 1258 1608 1296 I.
1640 1272 1678 1310 p.
1710 1262 1794 1296 116.
1825 1270 1884 1310 sp.
1909 1265 1946 1306 4.
1978 1258 2111 1297 Sclzre-

717 1334 804 1381 ber,
847 1337 1052 1373 mammal.
1090 1335 1163 1371 ΙΙΙ.
1207 1349 1244 1386 ρ.
1277 1338 1367 1373 582.
1412 1332 1494 1372 tab.
1533 1338 1618 1372 163.
1663 1332 1831 1372 Gmelin.
1878 1335 1963 1388 jun.
2006 1332 2110 1373 Nov.

718 1411 832 1449 Com.
862 1409 966 1448 Petr.
997 1408 1107 1447 XIV.
1147 1423 1184 1460 p.
1218 1413 1307 1459 573.
1338 1407 1420 1446 tab.
1453 1423 1516 1445 21.
1537 1408 1622 1460 fig.
1654 1414 1691 1455 4.

581 1482 815 1527 Calmuccis
845 1494 886 1522 et
915 1481 1123 1536 Mongolis
1152 1481 1301 1520 Dsariz.
1358 1480 1562 1534 Tungusis
1593 1482 1791 1520 Dsheffran.
1851 1484 1897 1520 In
1929 1480 2110 1521 australi-

442 1559 580 1601 oribus
609 1558 800 1597 Tatariae
831 1571 1001 1610 magnae
1033 1566 1154 1609 atque
1185 1554 1382 1601 Sibiriae,
1425 1554 1524 1594 inde
1568 1571 1589 1594 a
1632 1555 1767 1608 Volga
1796 1570 1915 1595 amne
1945 1566 1987 1595 et
2016 1556 2110 1597 Cas-

439 1634 532 1690 pio,
564 1647 690 1687 usque
720 1632 772 1671 ad
802 1630 1013 1670 Baicalem
1041 1630 1177 1669 lacum
1205 1630 1413 1683 frequen53
1445 1629 1694 1683 elegantior,
1727 1629 1955 1685 agiliorque
1985 1633 2109 1672 Euro-

437 1723 563 1765 paeo,
595 1706 795 1747 facillime
827 1705 1070 1746 cicurandus
1090 1715 1132 1744 et
1154 1715 1252 1743 tunc
1277 1703 1464 1758 apprime
1496 1703 1680 1758 lepidus,
1711 1719 1787 1743 nec
1803 1704 1926 1744 facile
1942 1707 2107 1746 convol-

438 1783 570 1830 vitur,
602 1782 673 1821 sed
702 1779 944 1836 praesertim
974 1794 1080 1826 mas,
1110 1793 1204 1819 cum
1234 1789 1404 1817 stertere
1435 1789 1577 1818 contra
1606 1778 1813 1832 tangentis
1836 1794 2002 1819 manum
2027 1779 2106 1835 spi-

438 1872 510 1898 nas
539 1856 727 1896 succutit.
796 1854 1098 1895 Noctambulus
1128 1864 1169 1893 et
1198 1851 1349 1907 frigore
1378 1851 1586 1908 torpidus,
1629 1864 1674 1893 ut
1711 1853 1909 1908 vulgaris3
1953 1853 2105 1909 hyeme

435 1929 481 1972 in
509 1930 737 1987 praeruptis
767 1929 982 1971 hortorum
1012 1940 1054 1969 et
1083 1930 1336 1969 desertorum
1373 1927 1485 1967 haud
1523 1928 1728 1983 profundo
1771 1928 1963 1970 cuniculo
2005 1929 2106 1970 deli-

433 2006 557 2047 tescit
585 2007 710 2047 modo
740 2005 965 2055 solitarius,
997 2005 1065 2045 vel
1094 2019 1188 2044 cum
1217 2017 1424 2058 compare.
1482 2003 1621 2043 Plures
1651 2015 1790 2043 tamen
1821 2004 1943 2044 simul
1973 2004 2103 2044 inclu-

435 2081 490 2131 si,
521 2080 743 2121 debiliores
772 2091 948 2121 enecant
983 2091 1026 2119 et
1067 2080 1288 2126 devorant,
1331 2093 1453 2118 voces
1495 2077 1693 2118 iratorum
1735 2079 1965 2118 catulorum
2005 2090 2104 2120 tunc

435 2157 604 2196 edentes
632 2171 705 2210 per
733 2167 913 2196 noctem.
984 2158 1066 2195 Lac
1095 2165 1205 2194 amat
1231 2153 1359 2194 instar
1388 2153 1588 2208 vulgaris,
1636 2165 1678 2193 et
1714 2154 1938 2193 lambendo
1980 2153 2102 2194 bibit.

435 2230 537 2270 Vidi
565 2245 646 2270 uno
676 2229 850 2284 prandio
894 2231 944 2269 ad
987 2228 1286 2285 quinquaginta
1329 2228 1537 2269 Meloides
1579 2227 1842 2268 vesicatorias
1885 2230 2102 2269 comeden-

435 2316 542 2352 tem,
587 2304 674 2343 sine
704 2304 868 2343 damno.
940 2306 1051 2344 Dum
1080 2303 1363 2353 convolvitur,
1409 2318 1523 2342 aures
1560 2303 1827 2358 complicatas
1871 2302 2099 2343 abscondit.

436 2376 558 2421 Vivit
586 2377 660 2421 diu
686 2377 774 2420 sine
805 2377 919 2420 omni
946 2390 1070 2434 potu,
1112 2378 1197 2419 imo
1240 2378 1327 2420 sine
1368 2378 1535 2434 pabulo.
1605 2377 1834 2420 Ambulans
1871 2376 1916 2418 in
1953 2379 2099 2432 pedes,
