2196 2927
428 164 510 212 136
1176 163 1320 188 Ξ

422 274 486 313 Ill.
517 268 780 310 Schreberi
808 261 1057 305 collectione
1087 263 1314 315 (mammal.
1336 261 1411 301 III.
1443 275 1482 315 p.
1520 266 1606 314 187.
1636 260 1720 301 tab.
1757 266 1843 302 161.
1873 261 1943 314 B.)
1974 272 2017 302 et
2044 261 2089 302 in

422 348 632 388 Linnaei
661 351 901 396 systemate,
930 338 1039 379 unde
1069 335 1197 377 etiam
1216 336 1260 377 in
1285 336 1492 392 Synopsin
1519 337 1766 377 Pennanti
1793 335 1977 383 transiit,
2007 351 2092 376 om-

422 422 522 462 nino
551 417 830 472 corrigendus.
861 440 910 447 -—
947 416 1073 455 Sorex
1102 417 1324 454 coecatiens
1359 414 1639 453 Laxmanni
1668 427 1720 452 ex
1750 411 1996 468 imperfecta
2024 413 2091 452 de-

423 494 646 551 scriptione
677 492 841 533 videtur
869 490 982 531 idem
1011 500 1169 536 noster,
1199 489 1328 529 cauda
1359 486 1494 528 adhuc
1522 487 1747 543 praeditus.

820 645 1260 653 ——-—-.———-——

931 754 1027 803 XI.
1092 751 1585 802 ERINACEI.

561 940 766 981 Ultimum
796 936 1086 978 Semiferarum
1118 949 1243 988 genus
1273 935 1481 980 Erinacei,
1525 935 1636 988 quod
1672 933 1781 973 inter
1812 932 2008 973 animalia
2037 947 2096 973 so-

425 1020 530 1064 lum,
559 1031 653 1056 cum
683 1012 874 1068 Hystrice
905 1011 1040 1066 spinas
1071 1024 1144 1064 pro
1172 1008 1261 1064 pilo
1291 1008 1432 1049 habet.
1503 1012 1575 1048 Est
1615 1008 1743 1048 etiam
1784 1008 1828 1048 in
1870 1023 1920 1048 eo
1963 1007 2096 1061 singu‘

425 1095 529 1139 lare,
560 1091 671 1146 quod
700 1088 850 1142 frigore
881 1088 1161 1141 obtorpescat,
1192 1095 1236 1123 ut
1266 1085 1421 1124 multae
1453 1084 1632 1125 Glirium
1661 1083 1840 1140 species,
1871 1083 1914 1124 in
1937 1093 2097 1122 tantum

423 1180 469 1209 ut
498 1167 633 1208 cordis
664 1175 796 1204 motus
826 1174 867 1202 et
896 1160 1105 1215 sanguinis
1134 1159 1310 1199 circulus
1340 1159 1411 1198 vix
1441 1159 1494 1199 sit
1524 1160 1829 1215 percipiendus.
1896 1162 1985 1198 Imo
2015 1171 2097 1197 me-

426 1243 496 1283 dia
526 1250 677 1280 aestate
707 1238 751 1277 in
781 1237 931 1276 cellam
961 1235 1181 1289 glacialem
1209 1233 1336 1289 positi
1364 1245 1564 1274 nostrates
1601 1234 1645 1274 in
1674 1250 1769 1274 eum
1797 1246 2008 1289 torporem
2037 1232 2098 1272 in-

427 1317 593 1361 cidunt,
622 1323 668 1352 ut
694 1311 730 1350 is
759 1325 842 1349 non
872 1309 925 1349 sit
954 1325 976 1348 a
1003 1308 1196 1364 plethora
1226 1309 1293 1348 vel
1328 1308 1584 1363 pinguedine
1622 1309 1883 1349 derivandus.
1959 1309 2099 1348 Adan-

427 1395 561 1433 som'us
589 1399 729 1428 tamen
759 1395 900 1425 auctor
928 1396 989 1424 est
1020 1386 1146 1437 (Voy.
1177 1385 1231 1424 du
1260 1385 1430 1437 Senegal
1459 1400 1497 1439 p.
1531 1387 1641 1437 296.)
1673 1384 1894 1425 Erinaceos
1926 1385 2100 1437 Senega-

428 1468 562 1506 lenses
591 1462 688 1503 anni
715 1472 876 1517 partem
905 1459 1076 1508 siccam,
1120 1473 1243 1513 quam
1272 1459 1419 1498 maluit
1448 1457 1645 1512 hyemem
1676 1460 1907 1514 appellare,
1946 1458 1990 1498 in
2019 1470 2098 1498 tro-

427 1541 525 1596 pico
553 1539 742 1585 climate,
772 1546 983 1588 torpentes
1013 1533 1130 1588 quasi
1159 1533 1406 1587 transigere,
1436 1532 1631 1588 victuque
1662 1548 1704 1573 se
1734 1532 1953 1573 abstinere.
2021 1537 2101 1573 Ex-

429 1615 662 1670 perimenta
690 1610 820 1650 multa
849 1608 932 1649 feci
969 1608 1013 1648 in
1050 1608 1321 1657 nostratibus,
1366 1608 1547 1648 calorem
1589 1608 1799 1663 sanguinis
1839 1608 1955 1649 vario
1997 1620 2101 1648 tem·

430 1704 529 1745 pore
558 1700 600 1728 et
628 1688 673 1727 in
701 1684 814 1726 varia
841 1682 1044 1739 temperie
1075 1683 1179 1723 aeris
1209 1684 1508 1738 exploraturus.
1574 1684 1679 1724 Cum
1710 1684 1882 1738 reliquis
1912 1683 2101 1724 animali·

431 1766 502 1804 bus
532 1763 686 1817 hyeme
715 1760 861 1816 sopitis
890 1759 1087 1801 convenit
1114 1759 1337 1807 Erinaceo‚
1380 1759 1490 1812 quod
1521 1759 1572 1797 ad
1614 1757 1844 1812 quamlibet
1881 1759 1985 1799 aeris
2015 1774 2103 1799 mu-

428 1840 629 1880 tationem
659 1838 832 1892 gradum
860 1835 1007 1875 caloris
1037 1833 1244 1889 sanguinis
1293 1843 1475 1880 mutent3
1518 1832 1577 1873 ita
1619 1844 1664 1873 ut
1706 1832 1779 1887 qui
1820 1833 1984 1873 vividus
2027 1848 2101 1889 per

430 1914 748 1970 nycthemerum
777 1912 821 1952 in
851 1911 945 1952 loco
974 1910 1127 1966 frigido
1170 1908 1351 1949 inclusus
1393 1907 1578 1957 steterit,
1623 1907 1810 1962 torpidus
1854 1909 1984 1949 factus
2027 1908 2101 1949 vix

432 1991 482 2030 ad
526 1997 575 2031 35
615 1988 682 2028 vel
720 1995 769 2038 39
806 1987 918 2041 grad..
962 1987 1094 2026 scalae
1133 1984 1308 2025 Farenh.
1354 1984 1513 2031 caleat';
1568 1984 1765 2038 idemque
1817 1984 1954 2024 denuo
1995 1983 2100 2039 tepi-

435 2066 487 2104 ‹lo
530 2063 720 2104 conclavi
762 2063 953 2102 detentus
999 2062 1049 2101 ad
1094 2068 1144 2102 66
1189 2061 1359 2115 gradum
1397 2060 1594 2109 calescat,
1639 2070 1681 2100 et
1722 2061 1892 2099 tandem
1931 2060 1982 2098 ad
2012 2074 2100 2098 ver-

438 2154 508 2178 nos
538 2139 695 2178 calores
724 2138 927 2178 excitatus
957 2150 1084 2191 usque
1115 2137 1166 2175 ad
1202 2144 1270 2187 953
1300 2137 1448 2190 gradus
1491 2136 1670 2181 calefiat,
1713 2135 1785 2190 qui
1828 2134 1972 2175 solitus
2013 2137 2099 2186 ejus

435 2215 579 2266 gradus
608 2227 694 2252 esse
724 2213 841 2252 solet.
913 2213 1029 2252 Idem
1065 2211 1110 2250 in
1153 2211 1331 2258 Citillis,
1372 2212 1417 2251 in
1460 2209 1675 2250 Marmotis
1719 2209 1946 2250 observavi.
2019 2210 2098 2248 Sed

436 2288 679 2328 ammalcula
707 2302 811 2342 quae
841 2286 991 2340 frigore
1021 2301 1103 2326 non
1131 2298 1391 2340 torpescunt,
1428 2286 1528 2325 licet
1558 2285 1751 2332 minima,
1793 2296 1837 2324 ut
1866 2287 2014 2329 Sorex,
2055 2293 2099 2321 ut

434 2364 663 2410 Masculus,
706 2374 749 2403 et
790 2377 883 2403 aves
924 2361 1107 2403 minutae
1149 2361 1446 2410 calidissimae,
1490 2370 1534 2399 ut
1576 2363 1715 2400 Passer
1755 2359 1941 2406 Linaria,
1983 2358 2099 2398 nullo
