2196 2927
408 187 470 231 VI

410 322 576 364 dehinc
629 334 707 376 per
761 319 996 374 alpestrem
1049 324 1235 357 tractum
1273 327 1296 355 a
1343 312 1529 371 glaciali
1584 311 1765 353 Oceano
1820 326 1962 368 usque
2001 314 2057 354 ad

410 407 622 449 australes
667 404 845 459 Imperii
887 403 992 443 fines
1038 402 1263 455 Europam
1301 400 1355 439 ab
1392 397 1499 439 Asia
1536 396 1835 445 dirimentem,
1883 397 2059 439 demum

407 492 548 547 ipsam
584 503 663 545 per
700 489 921 529 borealem
966 486 1115 527 Asiam
1156 485 1253 526 sive
1291 484 1353 524 sic
1391 482 1555 523 dictam
1600 480 1803 522 Sibiriam
1840 482 1895 521 ad
1934 483 2059 524 Sina-

407 589 501 617 rum
547 588 689 630 usque
732 574 838 614 fines
883 571 1189 628 peregrinatus
1232 583 1350 618 sum,
1428 566 1617 608 dimissis
1664 565 1866 621 undique
1913 575 1958 607 et
2003 569 2057 609 ad

407 659 645 717 glacialem
690 671 832 713 usque
888 657 1117 698 Oceanum
1159 652 1369 695 studiosis
1415 652 1470 693 ad
1518 650 1841 706 conquirendas
1878 664 1945 692 res
1982 665 2059 693 na-

406 744 574 785 turales
609 744 746 798 probe
782 741 1020 782 instructis.
1110 739 1191 780 Per
1229 753 1307 779 sex
1344 737 1435 778 fere
1474 750 1610 777 annos
1647 736 1723 777 hic
1747 735 1836 777 fuit
1861 750 2060 793 campus,

405 828 453 868 in
490 842 579 883 quo
616 828 811 869 studium
848 840 989 867 rerum
1025 824 1319 872 naturalium,
1367 822 1488 877 quod
1528 835 1594 862 me
1623 835 1648 862 a
1676 822 1871 876 pueritia
1897 823 2059 870 tenuit,

407 926 485 962 eo,
541 926 673 967 quem
709 919 857 969 gratus
894 911 1019 951 labor
1056 909 1227 966 gignit,
1282 907 1433 948 ardore
1472 906 1668 948 exercui.
1757 906 1818 947 Et
1854 908 2059 962 quamvis

410 1010 515 1037 cura
550 996 802 1052 plantarum
840 1004 885 1036 et
921 996 1304 1035 subterraneorum
1341 991 1535 1033 Naturae
1574 1004 1816 1041 munerum,
1854 992 2059 1047 quamvis

407 1081 516 1121 situs
561 1089 606 1120 et
650 1080 918 1135 populorum
965 1091 1102 1119 mores
1147 1086 1281 1130 atque
1329 1089 1394 1115 res
1440 1076 1606 1116 rustica
1643 1077 1837 1117 animum
1874 1089 2061 1116 consen-

405 1164 588 1205 tientem
632 1163 843 1204 continuo
889 1162 934 1202 in
978 1162 1156 1202 diversa
1203 1161 1450 1209 traherent,
1514 1158 1758 1217 Zoologiae
1813 1168 1984 1206 tamen,
2035 1175 2060 1203 a

407 1248 569 1288 teneris
606 1260 710 1302 prae
746 1246 931 1301 reliquis
968 1244 1351 1302 physiographiae
1388 1244 1589 1300 partibus
1628 1245 1882 1294 adamatae,
1927 1257 2059 1300 pree-

409 1332 554 1373 sertim
605 1331 799 1372 adhaesi.
923 1331 982 1371 Et
1028 1330 1231 1386 quamvis
1278 1330 1466 1371 difficile
1513 1338 1559 1370 et
1604 1330 1776 1371 sudoris
1823 1330 2058 1387 taediique

406 1417 593 1472 plenum
630 1416 825 1456 studium
862 1428 967 1470 prae
988 1415 1171 1470 reliquis
1192 1414 1272 1464 sit,
1309 1415 1583 1456 latitantium
1619 1415 1832 1465 serarum,
1879 1415 2060 1472 fugien-

406 1499 518 1541 tium
554 1502 813 1549 volucrum,
878 1513 1110 1540 mersorum
1158 1499 1287 1539 undis
1324 1499 1600 1550 natatilium,
1667 1499 1937 1543 Insectorum
1975 1502 2057 1542 sub

405 1584 706 1625 ardentissimo
744 1584 833 1625 sirii
871 1584 1017 1624 calore
1056 1583 1373 1637 apricantium‚
1437 1584 1657 1627 vermium
1693 1586 1822 1627 maris
1860 1585 1954 1627 alto
1990 1585 2059 1626 la-

404 1668 593 1708 tentium
629 1667 800 1722 species
837 1667 1120 1722 conquirere,
1166 1681 1302 1708 mores
1340 1667 1532 1715 discere,
1575 1668 1750 1709 viscera
1785 1668 1954 1718 rimari,
2011 1677 2057 1710 et

406 1751 692 1792 multifariam
729 1759 988 1792 structuram
1025 1751 1287 1799 describere,
1325 1761 1470 1794 tamen
1508 1766 1656 1808 neque
1693 1752 1873 1808 proprio
1909 1753 2055 1794 labori

408 1836 614 1892 peperci,
671 1849 815 1890 neque
835 1835 882 1876 in
901 1836 1149 1877 excitandis
1170 1845 1215 1877 et
1234 1837 1537 1879 conducendis
1559 1851 1655 1879 meo
1675 1846 1822 1879 sumtu
1851 1838 2057 1879 venatio-

408 1932 512 1960 num
531 1919 749 1961 variarum
768 1920 912 1976 gnaris
934 1922 1186 1963 hominibus
1207 1935 1364 1964 avarus
1385 1923 1468 1973 fui,
1499 1932 1549 1964 ut
1569 1923 1772 1964 desidero
1796 1922 2055 1965 animalium

406 2003 513 2044 istas
534 2004 735 2062 regiones
760 2004 1050 2047 incolentium
1079 2015 1292 2062 quantum
1320 2022 1495 2063 possem
1523 2009 1717 2050 omnium
1742 2008 1923 2064 potirer.
1995 2007 2057 2049 Et

408 2088 704 2143 respondebat
724 2089 840 2130 votis
860 2089 1059 2139 fortuna,
1097 2100 1147 2131 ut
1183 2104 1269 2131 non
1306 2094 1451 2135 solum
1488 2093 1656 2143 omnia,
1696 2107 1811 2149 quae
1848 2094 2054 2151 legerant

410 2168 455 2213 et
493 2173 814 2214 adnotaverant
848 2187 926 2228 per
963 2176 1042 2216 has
1079 2184 1212 2216 terras
1250 2185 1351 2218 ante
1390 2192 1455 2219 me
1491 2179 1826 2236 peregrinantes
1871 2177 2048 2219 celeber-

407 2256 503 2297 rimi
538 2257 617 2298 viri
653 2256 1197 2307 Messerschmtdius‚
1269 2259 1551 2303 Gmelinus
1587 2276 1700 2313 sent,
1752 2262 2049 2312 &enei-us,

406 2340 598 2398 propriis
643 2341 784 2384 oeulis
830 2342 1011 2391 videre,
1073 2343 1322 2385 examinare
1361 2354 1406 2387 et
1442 2357 1638 2390 recenter
1683 2361 1780 2390 meo
1822 2361 1938 2391 more
1975 2348 2052 2389 de·
