2196 2927
882 167 1024 192 Ξ
1708 161 1790 210 ¹67

123 269 227 309 forte
259 284 280 308 a
309 267 494 324 fugitivis
524 266 675 324 passim
705 267 998 323 multiplicata.
1057 266 1137 306 Sed
1178 269 1366 323 vulgares
1404 283 1486 309 non
1517 268 1674 309 amicae
1706 267 1786 316 his,

121 359 276 399 eaeque
308 345 458 399 frigore
488 345 795 398 obtorpescunt.
868 342 1037 382 Pariunt
1081 352 1219 381 autem
1247 358 1408 398 semper
1438 346 1563 384 albas.
1594 368 1648 374 -
1691 343 1791 384 Vidi

120 431 257 459 tumen
289 425 524 460 varietatem
553 432 741 471 gryseam
771 433 863 457 cum
895 416 1100 471 ephippio
1131 416 1247 465 albo,
1279 417 1462 472 itemque
1485 420 1639 467 albam,
1673 418 1791 474 nigro

120 495 380 534 maculatam.
440 495 624 532 Varietas
652 492 775 546 plane
805 492 943 546 nigra,
1001 491 1133 530 multo
1163 491 1298 530 minus
1328 493 1520 545 frequens
1550 509 1673 547 quam
1702 509 1792 548 gry-

118 584 187 608 seo
204 595 215 600 -
234 569 410 608 cinerea.
469 568 655 607 Calorem
684 566 727 606 in
751 566 943 606 Musculo
972 565 1078 606 exili
1106 565 1408 606 thermometro
1438 567 1700 622 exploratum
1729 569 1788 609 in-

121 643 216 683 veni
252 657 339 696 1070
370 643 421 682 ad
456 654 544 693 1090
575 641 752 681 Farenh.
784 642 931 681 scalae.

535 721 617 765 86.
711 722 759 763 M
788 721 828 763 U
858 721 885 762 S
959 722 1368 778 sylvaticas.

248 797 307 834 M.
338 794 467 833 cauda
511 791 718 832 mediocri
760 802 991 841 attenuata,
1035 806 1210 848 corpore
1259 806 1434 846 gryseo-
1459 790 1691 830 latescente
1734 790 1790 830 la-

116 867 270 909 teribus
300 870 473 923 abrupte
512 868 621 908 albo.

329 947 423 984 Mus
455 942 701 997 sylvaticus,
744 946 833 984 Lin.
868 954 971 998 syst.
1002 946 1096 984 XII.
1126 946 1161 984 I.
1204 959 1244 998 p.
1274 949 1340 994 84.
1383 958 1443 999 sp.
1481 961 1540 997 17.
1584 941 1785 984 Schreber.

391 1022 598 1058 mammal.
629 1020 699 1058 IV.
732 1036 771 1073 p.
802 1026 895 1061 651.
926 1021 1010 1060 tab.
1048 1026 1133 1061 180.

333 1097 426 1133 Mus
457 1093 691 1148 sylvestris,
722 1095 900 1134 Brisson.
932 1096 1075 1150 quadr.
1106 1111 1146 1150 p.
1184 1110 1269 1134 120.
1298 1108 1358 1148 sp.
1391 1100 1428 1134 3.

331 1171 425 1208 Mus
456 1168 697 1223 campestris
727 1172 880 1218 major,
920 1170 1097 1209 Brisson.
1128 1170 1271 1223 quadr.
1302 1185 1343 1223 p·
1380 1185 1422 1207 12
1435 1185 1466 1208 ι.
1495 1182 1554 1222 sp.
1585 1176 1623 1216 4.

329 1245 422 1282 Mus
454 1248 668 1296 agrorum?
705 1245 884 1283 Brisson.
916 1244 1057 1299 quadr.
1090 1261 1128 1295 p.
1168 1250 1253 1284 123.
1283 1258 1343 1297 sp.
1382 1259 1441 1282 10.

329 1318 577 1365 Field-rat,
618 1319 811 1359 Pennant.
841 1333 932 1371 syn.
977 1334 1015 1370 p.
1048 1325 1138 1359 302.
1198 1333 1235 1357 n.
1269 1324 1360 1359 230.
1402 1317 1518 1358 Zool.
1556 1315 1648 1358 brit.
1679 1316 1785 1370 (41:0)

383 1411 423 1446 p.
462 1400 547 1435 ¹05.
578 1410 615 1433 η.
648 1401 712 1434 28.

330 1469 484 1517 Mulot,
515 1471 676 1521 Buffon.
707 1472 799 1509 hist.
830 1479 913 1509 nat.
944 1470 1034 1508 VH.
1066 1485 1103 1523 p.
1135 1475 1226 1510 325.
1258 1468 1341 1509 tab.
1372 1477 1440 1519 [μ.

217 1542 390 1583 Rossice
420 1545 583 1583 Polevoi
610 1545 769 1583 Muisch
801 1546 913 1596 (Mus
943 1543 1216 1597 campestris).

248 1621 295 1657 In
338 1618 466 1672 sylvis
510 1629 552 1657 et
593 1617 893 1672 campestribus
934 1617 1243 1672 temperatioris
1284 1616 1454 1658 Rossiae
1499 1627 1542 1655 et
1577 1614 1783 1656 citerioris

110 1691 286 1733 Sibiriae
334 1693 545 1746 frequens;
587 1707 662 1748 per
689 1706 858 1732 omnem
885 1691 989 1731 item
1021 1692 1249 1732 Caucasum
1289 1693 1524 1739 observata,
1568 1705 1695 1745 usque
1738 1690 1784 1730 in

110 1767 334 1822 Georgiam
363 1768 467 1807 item
496 1769 690 1822 frequens
720 1779 762 1807 et
802 1766 958 1822 insigni
1000 1765 1288 1820 magnitudine
1329 1765 1373 1806 in
1404 1765 1667 1807 Chersoneso
1697 1777 1783 1805 tau-

109 1843 214 1891 rica,
244 1842 317 1882 ubi
346 1843 429 1882 ruri
458 1858 580 1898 saepe
624 1842 867 1883 domestica.
938 1845 987 1881 In
1029 1841 1186 1895 campis
1227 1840 1547 1880 intermontanis
1577 1852 1621 1880 et
1648 1839 1783 1880 hortis

110 1917 332 1970 Juglandes
361 1928 404 1957 et
432 1920 577 1959 tubera
606 1917 780 1972 Lathyri
825 1916 994 1972 copiose
1036 1915 1321 1971 promptuario
1364 1914 1531 1969 ingerit.
1604 1919 1651 1954 In
1681 1919 1782 1955 Ura-

111 1992 217 2033 lensi
247 1995 341 2046 jugo
369 2005 412 2034 et
442 1993 692 2033 Isetensibus
722 1992 878 2047 campis
906 1992 1031 2047 paulo
1062 1991 1263 2040 minores,
1307 1989 1524 2043 minusque
1556 1990 1779 2043 elegantes.

113 2067 307 2108 Cuniculi
338 2069 389 2107 ad
416 2069 603 2108 betuleta
633 2079 677 2107 et
705 2069 914 2115 arboreta,
953 2065 1088 2105 canali
1118 2080 1199 2105 uno
1230 2064 1402 2118 obliquo
1433 2074 1475 2102 et
1503 2064 1662 2103 duobus
1691 2078 1779 2118 per-

110 2141 467 2197 pendicularibus,
509 2143 623 2181 nulla
654 2153 791 2195 egesta
819 2152 941 2180 terra.
1010 2139 1171 2178 vivunt
1199 2138 1389 2178 solitarii.
1458 2139 1705 2194 Hybernant
1734 2137 1778 2177 in

111 2217 303 2257 domibus
332 2228 373 2256 et
402 2216 445 2256 in
475 2215 601 2256 antris
631 2214 918 2255 subterraneis.

247 2293 418 2332 Descr.
477 2291 719 2346 Magnitudo
759 2291 844 2331 fere
887 2287 1024 2329 media
1065 2287 1173 2327 inter
1213 2288 1447 2327 Musculum
1488 2299 1532 2328 et
1574 2287 1778 2328 minorem

111 2369 294 2407 Rattum.
367 2369 501 2421 Capul:
544 2366 895 2421 grandiusculum,
940 2374 1070 2405 rostro
1111 2363 1235 2419 paulo
1280 2374 1476 2405 acut-ore.
1547 2364 1607 2405 Os
1642 2364 1780 2404 minus
