2196 2927
882 205 1025 227 —-···-——
1704 204 1787 242 533

122 304 293 359 scripsi,
338 305 411 343 sub
440 302 696 357 tuguriorum
726 301 877 348 tectis,
919 300 1024 355 aptis
1054 301 1212 354 augulis
1253 302 1426 342 adstruit
1469 303 1584 343 nidos
1624 313 1793 357 quartae

120 378 228 433 parti
259 378 456 434 sphaerae
486 377 672 424 similes,
700 377 768 416 vel
798 376 926 416 etiam
957 374 1336 429 haemisphaericos
1368 379 1417 416 ad
1446 378 1584 431 tigna,
1639 391 1662 416 e
1692 378 1793 424 luto,

121 454 306 507 gramine
337 453 470 493 mixto
512 467 710 508 perquam
753 451 933 498 solidos,
976 461 1094 489 extus
1136 451 1446 500 tuberculosus,
1489 452 1599 491 intus
1642 451 1794 506 equino

123 528 210 582 pilo
242 537 436 582 aequatos
466 539 507 567 et
537 526 655 566 molli
685 526 778 565 lana
808 524 875 564 vel
905 523 1057 578 plumis
1087 534 1257 570 stratos,
1288 526 1395 565 ostio
1425 527 1628 580 spatiosa,
1659 537 1793 566 rotun-

121 603 175 642 do
207 617 344 642 versus
373 601 627 656 superiorem
657 610 818 654 partem
857 597 1045 646 hiantes,
1094 609 1139 637 ut
1181 599 1265 638 fere
1309 600 1447 653 specie
1490 601 1539 639 ab
1583 601 1798 655 europaeis

123 675 369 724 distinctae,
417 690 470 714 ex
500 675 776 714 architectura
807 671 1030 726 singulari,
1075 672 1186 712 visae
1231 673 1326 712 sint.
1397 674 1553 728 Hisque
1600 674 1644 714 in
1688 674 1798 714 nidis

121 765 206 790 mas
237 766 329 790 cum
361 749 471 790 socia
502 759 745 804 pernoctat,
776 748 902 801 inque
933 747 1032 787 nido
1063 747 1267 787 cantillat.
1326 751 1438 788 Inter
1469 749 1691 788 volandum
1718 766 1798 790 vox

122 825 318 873 stridula,
349 825 433 863 fere
463 823 707 863 Hirundinis
738 821 928 876 ripariae.
986 822 1231 862 Adventant
1259 822 1303 861 in
1329 822 1556 862 Dauuriam
1579 824 1652 864 sub
1676 825 1800 863 finem

124 898 280 953 Aprilis
298 929 307 947 ,
340 898 574 952 frigidaque
604 897 822 952 ingruente
852 907 1098 951 tempestate
1128 895 1173 936 in
1203 896 1312 936 nidis
1343 897 1608 938 delitescunt.

257 974 429 1013 Descr.
489 974 752 1025 <Dauricae).·
789 973 1034 1025 Magnitudo
1064 976 1115 1012 H.
1146 971 1322 1012 rusticae
1354 987 1596 1027 europaeae.
1671 974 1801 1013 Nares

125 1047 311 1096 hiantes,
352 1048 565 1102 squamula
595 1061 753 1102 supera.
826 1047 885 1086 Os
913 1046 1023 1086 intus
1054 1045 1266 1094 albidum3
1310 1050 1451 1101 lingua
1481 1047 1621 1087 bifida.
1692 1049 1802 1087 Area

122 1124 286 1176 trigona
317 1120 578 1162 holosericea
608 1132 701 1161 ante
732 1121 893 1170 oculos,
938 1131 1172 1175 tractusque
1218 1123 1291 1161 sub
1334 1122 1493 1169 oculis,
1536 1122 1623 1162 sine
1668 1121 1801 1161 nitore

124 1207 223 1236 atra.
294 1198 428 1250 Caput
473 1212 618 1252 supra,
664 1200 821 1241 cervix,
872 1197 1111 1252 dorsumque
1140 1195 1249 1235 inter
1280 1197 1363 1236 alas
1393 1208 1527 1236 totum
1570 1195 1802 1250 atrochaly-

122 1272 270 1319 beata,
301 1269 556 1310 nitidissime
585 1269 855 1310 coerulantia.
912 1271 1061 1310 subtus
1091 1269 1177 1310 avis
1206 1281 1293 1310 tota
1324 1270 1437 1310 nivei
1468 1270 1683 1313 candoris:
1714 1271 1804 1309 sub-

125 1345 316 1386 candales
335 1375 344 1392 ,
375 1344 561 1398 itemque
591 1346 757 1384 dorsum
786 1343 1016 1398 posticum,
1047 1349 1294 1399 uropygium
1310 1374 1323 1391 ,
1360 1349 1617 1400 tectricesque
1648 1345 1803 1384 caudae

123 1419 246 1459 nivea
277 1417 501 1458 rhachibus
530 1419 762 1473 plumarum
795 1418 1036 1458 tenuissime
1066 1417 1214 1464 fuscis,
1252 1418 1296 1458 in
1326 1418 1575 1473 quibusdam
1609 1419 1680 1459 vix
1709 1434 1804 1460 con-

125 1493 280 1548 spicue.
354 1494 459 1533 Alae
488 1508 616 1547 usque
646 1494 696 1533 ad
726 1492 843 1533 basin
873 1492 960 1532 sine
991 1492 1127 1533 nitore
1157 1492 1299 1547 nigrae
1319 1523 1331 1540 ‚
1371 1495 1513 1534 subtus
1543 1495 1679 1534 fuscae
1697 1525 1708 1542 ,
1753 1495 1804 1533 ad

127 1567 310 1607 anticum
340 1567 569 1622 marginem
600 1566 1001 1621 albo-variegatae3
1047 1567 1302 1622 compositae
1334 1569 1507 1608 caudam
1537 1569 1704 1608 tantillo
1735 1583 1804 1608 ex-

125 1643 292 1682 cedunt.
363 1644 549 1697 Remiges
586 1641 806 1697 primariae
838 1659 875 1692 9.
908 1641 1092 1682 extimae
1124 1659 1161 1682 2.
1199 1642 1491 1696 longissimae,
1538 1644 1804 1691 subfalcatae,

124 1734 146 1768 7
167 1742 177 1746 -
195 1734 232 1767 9.
264 1716 382 1771 apice
412 1716 512 1757 hinc
543 1717 831 1765 subsinuatae3
860 1717 1121 1758 secundariae
1150 1735 1187 1768 9.
1218 1732 1373 1766 omnes,
1404 1729 1567 1772 praeter
1594 1717 1804 1765 intimam,

126 1791 328 1845 profunde
359 1791 663 1845 emarginatae,
695 1809 719 1844 7
749 1802 792 1831 et
821 1798 858 1832 8.
889 1792 1097 1846 argutius,
1142 1791 1328 1846 reliquae
1372 1793 1588 1833 cordatim.
1659 1793 1807 1832 cauda

123 1865 261 1904 brevis
279 1896 290 1914 ,
319 1866 481 1906 bifurca
500 1897 510 1916 ,
541 1877 629 1906 tota
658 1866 788 1921 nigra.
847 1868 972 1908 Pedes
1000 1867 1163 1907 nervosi
1181 1898 1191 1916 ,
1230 1867 1311 1907 toti
1341 1867 1538 1921 plumulis
1568 1867 1704 1908 niveis
1735 1868 1805 1907 ob-

129 1939 292 1986 vestiti3
339 1940 492 1992 digitus
523 1941 704 1980 exterior
732 1952 824 1980 toto
854 1941 1030 1981 articulo
1061 1943 1257 1988 adnatus3
1301 1957 1454 1994 ungues
1483 1942 1613 1991 fusci,
1659 1941 1806 1981 acutis-

126 2014 235 2054 simi.
295 2017 385 2052 Mas
414 2025 454 2053 et
485 2014 667 2054 foemina
696 2014 963 2062 simillimae,
1014 2015 1095 2054 nisi
1132 2016 1243 2069 quod
1274 2015 1318 2054 in
1349 2016 1594 2069 quibusdam
1625 2015 1806 2056 rhaches

126 2089 171 2128 in
201 2088 328 2128 crisso
358 2100 399 2128 et
429 2088 632 2144 uropygio
662 2089 733 2129 vix
762 2089 979 2129 evidenter
1008 2090 1172 2138 fuscae,
1221 2101 1265 2130 ut
1306 2105 1427 2145 saepe
1468 2101 1630 2130 tantum
1673 2090 1717 2130 in
1746 2102 1803 2130 te-

125 2163 323 2204 ctricibus
366 2164 519 2203 caudae
563 2175 799 2219 appareant.
871 2165 1035 2204 Pondus
1075 2163 1120 2203 in
1164 2180 1274 2204 mare
1315 2177 1470 2205 aestate
1513 2180 1641 2220 usque
1682 2166 1731 2205 ad
1764 2172 1802 2206 6.

131 2237 371 2284 drachmas,
403 2238 444 2277 in
477 2238 658 2278 foemina
688 2239 812 2294 paulo
842 2238 990 2279 minus.
1050 2240 1139 2280 Illis
1168 2256 1352 2280 mensura
1369 2242 1418 2280 ad
1434 2255 1607 2295 uropyg.
1633 2243 1688 2281 2'‘.
1713 2242 1806 2280 11“‘.

128 2312 349 2352 rectricurn
380 2312 629 2352 extimarum
673 2316 725 2354 1''.
762 2320 852 2354 1o“'.
895 2314 1126 2355 mediarum
1175 2317 1230 2355 1‘'.
1276 2319 1364 2357 5¹¹⁰.
1412 2317 1567 2355 alarum
1609 2331 1806 2371 expansa-

137 2402 225 2428 rum
262 2394 348 2429 10'‘.
381 2394 451 2440 [β’.
496 2389 616 2429 ulnae
648 2390 705 2431 δ”.
742 2390 832 2430 ιο”’.
876 2388 997 2431 rostri
1040 2391 1091 2430 ad
1133 2391 1312 2430 frontem
1343 2392 1426 2433 25⁰.
1467 2393 1519 2432 ad
1560 2391 1708 2432 rictum
1739 2394 1808 2433 5'“.
