2196 2927
363 206 415 243 18
1111 198 1254 224 ...τ-.-

363 323 491 364 quens
522 320 607 346 esse
637 315 678 343 et
707 317 728 341 a
756 299 909 339 Jacutis
949 315 971 339 a
1007 301 1119 338 Lena
1154 297 1256 338 illuc
1298 296 1379 336 iter
1415 294 1662 336 facientibus
1698 300 1802 338 adeo
1839 298 2022 349 timetur,

359 395 404 423 ut
432 382 644 423 terribilem
673 376 717 415 in
746 373 998 430 superlativo
1027 374 1154 428 gradu
1183 374 1437 425 (Ka-chat)
1468 371 1781 426 appellaverint,
1806 388 1940 428 neque
1963 374 2023 413 in—

359 467 481 497 venta
508 458 593 507 ejus
622 449 797 505 vestigia
825 448 999 489 transire
1029 450 1225 496 audeant,
1263 446 1345 487 nisi
1380 461 1500 501 super
1527 445 1724 500 imposito
1762 448 1874 502 prius
1914 463 2022 488 arcu·

360 532 426 571 Ad
455 533 609 568 Lenam
637 525 813 566 subinde
845 523 1004 564 occisus
1036 524 1114 563 fuit
1142 522 1186 563 in
1221 522 1390 576 regione
1426 521 1573 576 oppidi
1611 522 1861 575 Balagansk,
1891 533 1933 562 et
1967 523 2018 562 ad

359 606 595 651 Olecmam,
642 617 716 640 200
748 599 891 640 stadiis
930 598 1093 639 tossicis
1134 600 1184 639 ab
1219 596 1345 646 ostio,
1390 597 1654 636 observatum
1689 596 1733 636 in
1774 597 2020 637 adversariis

363 681 498 719 Gmel
509 681 578 717 ini
606 692 686 716 sen.
716 674 900 715 invenio.
959 673 1098 724 Pellis,
1132 687 1237 728 quae
1266 672 1310 712 in
1337 674 1480 711 Museo
1507 671 1756 712 Academico
1786 673 1913 712 farcta
1943 688 2022 712 ser-

357 764 484 801 vatur,
517 751 626 791 circa
653 749 869 790 Tunkinsk
900 749 951 788 ad
980 750 1191 790 Baicalem
1221 745 1350 785 occisi
1380 744 1571 785 animalis
1601 745 1691 785 fuit.
1759 747 1930 787 Scandit
1962 763 2020 787 ar-

356 829 487 875 bores,
518 837 562 865 ut
591 829 724 880 Lynx,
757 835 798 865 et
825 823 1132 864 transeuntibus
1161 820 1420 869 animalibus,
1450 819 1693 875 praesertim
1722 821 1918 872 Alcibus,
1958 825 2023 863 de-

358 916 476 956 super
504 900 651 940 insilit.
709 899 934 940 Hominem
961 897 1090 938 rarius
1120 895 1322 943 adoritur3
1359 895 1611 936 dormientes
1648 907 1787 938 tamen
1825 899 1878 937 ad
1913 897 2025 952 ipsos

357 976 471 1030 ignes
498 974 673 1025 invadit,
703 974 785 1014 nisi
816 973 954 1028 vigilis
982 974 1163 1013 clamore
1190 969 1370 1010 territus.

493 1126 663 1165 Descr.
722 1125 761 1163 V
759 1126 859 1164 ellus
886 1122 930 1162 in
959 1121 1139 1177 pellibus
1170 1116 1359 1158 Sibiricis
1388 1128 1430 1156 et
1459 1116 1702 1158 Bocharicis
1729 1120 1903 1173 largum,
1934 1120 2023 1160 sub-

357 1198 573 1247 hirsutum,
602 1210 648 1238 ut
676 1197 828 1252 frigido
856 1209 898 1237 et
929 1196 1069 1251 alpino
1099 1193 1259 1234 climati
1288 1192 1538 1233 destinatum
1569 1192 1722 1233 animal
1745 1193 1869 1233 facile
1885 1209 2025 1249 agnos-

358 1288 437 1314 cas.
495 1273 736 1326 Magnitudo
764 1273 888 1327 paulo
918 1270 1024 1310 infra
1053 1268 1313 1317 Pantheram‚
1346 1282 1475 1321 eaque
1499 1267 1704 1321 gracilior,
1737 1278 1918 1308 attamen
1942 1284 2025 1308 ma-

357 1351 419 1402 jor
447 1363 570 1402 quarn
599 1362 622 1386 a
649 1347 1010 1386 D’Aubentono
1038 1343 1226 1384 traditur.
1292 1344 1415 1384 Color
1435 1341 1479 1381 in
1503 1343 1624 1382 dorso
1649 1357 1671 1381 e
1695 1342 1852 1397 pallide
1876 1357 2025 1398 gryseo

357 1421 627 1470 cinerascenS,
658 1432 866 1461 caeterum
895 1421 1023 1461 albus.
1083 1420 1123 1458 V
1120 1429 1249 1465 ertex,
1283 1434 1413 1473 genae
1451 1428 1493 1457 et
1529 1421 1664 1458 cervix
1701 1432 1822 1472 supra
1859 1416 2024 1472 punctis

358 1495 616 1551 simplicibus
645 1495 754 1544 atris,
786 1495 829 1535 in
859 1495 1023 1536 cervice
1051 1492 1287 1547 majoribus.
1344 1494 1474 1533 Aures
1489 1491 1672 1546 margine
1688 1491 1932 1546 praesertim
1956 1507 2025 1532 ex-

356 1569 508 1610 teriore
535 1569 689 1624 nigrae,
721 1571 963 1624 maculaque
992 1569 1109 1623 nigra
1146 1569 1197 1607 ad
1232 1567 1363 1607 basin.
1421 1569 1576 1607 Puncta
1611 1569 1765 1619 majora
1802 1577 1888 1605 atra
1930 1581 2024 1606 con-

357 1658 464 1684 nexa
490 1643 535 1682 in
562 1648 709 1684 lineam
741 1643 944 1696 spinalem
973 1658 995 1680 a
1022 1641 1164 1680 medio
1191 1645 1314 1680 dorso
1343 1643 1395 1679 ad
1426 1643 1614 1679 caudam.
1673 1642 1852 1679 Dorsum
1887 1651 1929 1679 et
1964 1644 2023 1681 la-

360 1727 445 1757 tera
473 1716 628 1755 variata
655 1720 816 1756 circulis
844 1713 1142 1754 orbicularibus
1170 1715 1239 1752 vel
1268 1712 1470 1766 oblongis,
1501 1712 1671 1766 magnis,
1688 1711 1930 1767 interruptis
1953 1728 2022 1753 seu

359 1789 599 1844 compositis
628 1804 651 1828 e
678 1788 842 1844 punctis
870 1786 1264 1828 subcohaerentibus
1293 1785 1603 1841 nigricantibus,
1628 1785 1737 1826 intus
1754 1787 1906 1827 vacuis.
1937 1790 2023 1828 Cir-

359 1868 439 1905 culi
468 1863 646 1902 minores
682 1878 755 1918 per
790 1860 1095 1902 antibrachium
1131 1872 1173 1901 et
1213 1862 1367 1900 femora
1408 1871 1526 1900 extus
1570 1860 1716 1915 sparsi,
1761 1872 1803 1900 et
1844 1863 2021 1902 extremi

363 1938 482 1993 pedes
511 1949 629 1977 extus
661 1937 810 1992 virgati
838 1936 1114 1977 transversim.
1173 1937 1317 1976 Gauda
1347 1935 1587 1990 longissima
1623 1939 1676 1987 (4
1713 1951 1808 1975 cum
1845 1935 2021 1977 dimidia

360 2012 445 2053 fere
474 2011 797 2067 spithamarum)
828 2011 1000 2053 maculis
1027 2010 1279 2061 transversis,
1310 2010 1463 2066 passim
1494 2010 1665 2051 annulos
1694 2011 1979 2052 referentibus.

800 2207 841 2246 3.
929 2204 1161 2247 FELIS
1215 2203 1568 2247 Panthera.

493 2324 538 2363 F.
569 2325 697 2365 cauda
726 2323 929 2379 elongata,
958 2337 1128 2380 corpore
1155 2339 1275 2381 supra
1305 2325 1573 2371 fulvescente,
1600 2320 1772 2363 maculis
1812 2320 2014 2361 annulari-

358 2397 434 2438 bus
461 2398 667 2440 centratis.
