2196 2927
382 185 405 220 ,3
416 185 437 211 2
1143 185 1288 214 ,τὲ-τ

840 281 1125 332 GENUS
1166 283 1231 332 II.
1308 283 1594 334 CANES.

518 463 754 503 Secundum
795 461 876 503 hoc
920 465 1149 520 Rapacium
1177 467 1492 522 quadrupedum
1528 480 1668 520 genus,
1708 480 1837 520 aeque
1866 467 2058 506 naturale

386 554 431 578 ac
463 538 657 594 primum,
688 539 792 579 adeo
821 539 962 579 affines
992 540 1180 582 continet
1208 541 1384 597 species,
1415 552 1460 581 ut
1487 540 1616 581 etiam
1643 541 1847 596 plurimae
1876 539 1986 581 inter
2015 556 2057 582 se

383 613 583 668 congredi
612 625 654 653 et
682 613 904 669 hybridam
932 617 1093 670 prolem
1122 617 1304 672 gignere,
1335 616 1692 657 observationibus
1711 616 1950 656 certissimis
1973 620 2058 671 jam

384 689 482 728 satis
511 699 684 728 constet.
729 689 888 729 Cuncta
916 689 1037 744 hujus
1064 692 1224 746 generis
1254 692 1450 732 animalia
1475 691 1604 747 magis
1625 691 1804 741 incursu,
1835 707 1959 746 quam
1983 691 2058 732 im-

384 775 485 818 petu
513 774 556 803 et
583 763 765 812 saltibus,
796 775 842 804 ut
870 765 1000 815 Feles,
1041 769 1238 822 praedam
1267 778 1554 822 assequuntur;
1595 767 1798 821 quaedam
1834 766 2059 816 solitariae,

387 838 469 877 alia
497 837 748 879 cohortatim
777 851 999 888 venantur3
1042 841 1232 882 omnibus
1264 857 1402 882 sensus
1431 843 1624 882 odoratus
1655 841 1802 896 magis,
1847 857 1971 896 quam
2000 856 2062 881 re-

387 912 513 967 liquis
543 912 760 968 generibus
800 915 1006 968 perfectus
1034 928 1077 956 et
1105 928 1258 957 acutus.
1324 919 1364 957 V
1362 917 1600 958 arietacibus
1626 915 1778 957 coloris
1806 916 1937 971 magis
1968 927 2061 956 sunt

386 987 584 1037 obnoxia,
615 1003 739 1042 quam
766 989 892 1037 feles;
923 992 1091 1032 Catulos
1117 991 1162 1031 in
1190 1006 1340 1046 genere
1367 991 1534 1047 pariunt
1560 991 1875 1031 numerosiores.
1919 994 1967 1030 In
1996 1006 2061 1031 co-

386 1062 485 1117 pula
511 1061 643 1101 invita
673 1062 910 1113 cohaerent,
940 1077 1109 1121 propter
1135 1081 1287 1121 penem
1314 1067 1535 1107 bulbosum
1556 1064 1600 1105 in
1630 1075 1723 1105 actu
1742 1075 2061 1119 turgescentem,

388 1151 477 1177 osse
507 1147 633 1185 recto,
663 1137 817 1193 insigni
844 1138 1105 1181 instructum.
1136 1168 1185 1173 —-
1226 1141 1427 1182 Omnium
1455 1142 1539 1180 fere
1568 1139 1800 1195 specierum
1831 1155 1913 1180 vox
1942 1141 2062 1180 latra-

387 1222 451 1251 tus
480 1210 592 1250 varie
620 1212 892 1263 modificatus,
923 1215 1171 1269 quibusdam
1198 1215 1484 1257 creberrimus.
1513 1240 1568 1246 —-
1610 1217 1747 1254 Genus
1776 1214 2060 1270 noctivagum,

389 1284 616 1326 cursorium
643 1301 786 1326 omnes
815 1288 926 1328 orbis
953 1301 1089 1345 partes
1118 1290 1317 1345 pervasit,
1358 1301 1400 1330 et
1432 1290 1476 1330 in
1512 1290 1752 1330 Americam
1790 1291 1944 1330 multae
1973 1305 2062 1346 spe-

390 1360 547 1403 cierum
575 1375 649 1416 per
677 1365 884 1418 Europam
923 1375 966 1403 et
1006 1365 1149 1406 Asiam
1191 1380 1354 1406 omnem
1399 1380 1593 1421 vagarum
1634 1366 1949 1406 transfretarunt
1988 1380 2062 1422 per

390 1436 568 1489 glaciem
595 1437 880 1478 subarcticam.

862 1617 904 1658 8.
997 1613 1241 1658 CANIS
1301 1617 1588 1675 Hyaenn.

527 1738 574 1778 C.
605 1737 702 1777 setis
731 1737 841 1778 dorsi
870 1732 1059 1793 arriguis,
1103 1755 1275 1796 corpore
1306 1742 1625 1796 gryseo-fusoe,
1659 1742 1831 1781 maculis
1860 1753 2059 1783 transver-

392 1812 468 1850 sim
497 1812 665 1867 virgatis
695 1812 840 1867 sparsis
869 1813 1009 1868 nigris,
1038 1814 1192 1869 plantis
1227 1815 1544 1871 pentadactyiis.

607 1915 730 1955 Canis
758 1919 940 1970 Hyaena,
971 1919 1060 1958 Lm,
1088 1929 1191 1972 syst.
1222 1920 1316 1959 XII.
1344 1921 1378 1958 I.
1415 1935 1454 1974 p,
1487 1925 1550 1959 58.
1589 1934 1650 1973 sp.
1682 1925 1717 1958 3.
1748 1919 1908 1960 Schreb.
1937 1937 2057 1960 mam.

659 1992 734 2029 ΙΙΙ.
765 1992 847 2031 tab.
877 1999 941 2043 96.

605 2097 787 2148 Hyaena,
818 2097 994 2136 Brisson.
1025 2097 1167 2151 quadr.
1197 2113 1236 2151 p.
1273 2103 1358 2147 169.
1389 2098 1552 2149 Buffon.
1582 2100 1672 2136 hist.
1703 2107 1785 2136 nat.
1818 2099 1867 2137 V.
1896 2113 1935 2153 p.
1967 2105 2058 2139 268.

659 2169 741 2208 tab.
772 2176 835 2211 25.

605 2270 769 2325 Striped
799 2274 982 2325 Hyaena,
1012 2273 1132 2312 Penn.
1163 2290 1255 2327 syn.
1284 2291 1324 2330 p.
1361 2282 1446 2314 161.
1477 2291 1514 2313 η.
1552 2281 1636 2315 118.

608 2373 649 2411 P.
681 2374 789 2414 della
820 2375 935 2414 Valle
965 2378 1051 2414 itin.
1080 2377 1274 2427 (Amstel.
1312 2383 1424 2416 1666.
1455 2380 1544 2429 lito)
1574 2379 1683 2416 Part.
1712 2377 1783 2415 IV.
1813 2380 1856 2430 pb
1884 2384 1946 2426 95.
