2196 2927
451 476 1574 553 LACTANTIA.

632 710 1007 736 ---—-0

171 937 418 1008 Rossicum
447 965 687 1022 Imperium,
720 965 907 1021 quamvis
936 964 980 1005 in
1010 963 1287 1014 interioribus,
1318 962 1564 1019 praesertim
1586 978 1723 1006 versus
1743 968 1844 1007 Aus-

172 1052 281 1081 trum
315 1053 357 1081 et
393 1041 631 1088 Orientem,
670 1041 859 1094 regiones
888 1040 1040 1095 passim
1069 1051 1201 1079 vastas
1239 1051 1281 1078 et
1318 1039 1452 1079 minus
1487 1041 1707 1095 populosas
1744 1042 1843 1081 offe-

172 1128 252 1165 rat,
285 1115 419 1155 minus
447 1126 587 1154 tamen
616 1114 880 1153 Animalibus
909 1114 1108 1153 laetiferis
1136 1113 1395 1153 terrestribus
1418 1128 1489 1154 seu
1511 1114 1570 1154 ita
1593 1115 1717 1155 dictis
1735 1116 1844 1171 Qua-

170 1190 415 1245 drupedibus
450 1188 687 1244 spontaneis
715 1188 759 1228 in
788 1202 937 1243 genere
969 1188 1161 1236 abundat,
1195 1202 1318 1241 quam
1346 1188 1470 1241 vulgo
1508 1189 1702 1229 creditur.
1774 1189 1842 1230 Sic

169 1265 281 1305 enim
316 1282 355 1305 v.
397 1279 455 1319 gr.
493 1263 666 1304 Polonia
694 1263 816 1318 eique
845 1262 1027 1303 finitima
1056 1261 1280 1301 Lithuania
1308 1262 1432 1316 longe
1470 1262 1598 1318 magis
1635 1267 1844 1319 Luporum

167 1339 410 1381 cohortibus
438 1339 668 1388 infestatur,
694 1353 818 1393 quam
846 1339 931 1378 ulla
960 1336 1130 1377 Rossiae
1155 1337 1222 1375 vel
1239 1336 1414 1377 Sibiriae
1438 1338 1640 1386 solitud03
1669 1350 1711 1378 et
1734 1354 1841 1379 cam-

166 1414 321 1470 pestria
351 1413 547 1463 Sibiriae,
585 1413 688 1454 licet
718 1413 847 1468 magis
878 1413 1077 1461 desertae,
1108 1411 1286 1451 minores
1316 1412 1420 1452 feras
1449 1411 1562 1453 haud
1590 1413 1737 1468 majori
1774 1428 1841 1454 co-

166 1489 237 1545 pia
274 1491 408 1539 alunt,
450 1504 573 1545 quam
609 1489 699 1544 ipsa
735 1488 894 1529 Rossia.
967 1488 1048 1527 Sed
1077 1502 1158 1541 quo
1187 1491 1445 1542 temperatior
1472 1487 1605 1528 omnis
1634 1490 1759 1543 regio,
1790 1504 1840 1530 eo

167 1564 423 1618 frequentior
453 1563 731 1603 animantibus
760 1563 904 1609 variis3
934 1573 976 1601 et
1003 1562 1143 1615 Alpes,
1173 1576 1277 1614 quae
1307 1562 1527 1602 australem
1550 1562 1764 1602 universae
1782 1563 1841 1604 Si-

168 1637 299 1678 biriae
327 1637 511 1676 limitem
540 1636 744 1683 efficiunt,
775 1635 837 1673 uti
867 1647 907 1673 et
935 1636 1127 1673 Urazense
1151 1637 1294 1688 jugum
1323 1634 1520 1673 Sibiriam
1549 1652 1571 1673 a
1600 1637 1746 1675 Rossia
1774 1652 1842 1677 eu-

164 1726 313 1767 ropaea
344 1709 649 1757 disterminans,
680 1719 724 1748 et
751 1707 1005 1748 editissimus
1029 1708 1250 1753 Caucasus,
1286 1706 1468 1747 maxime
1508 1710 1718 1749 abundant
1754 1711 1842 1766 qui-

164 1786 304 1826 busvis
345 1786 472 1826 etiam
508 1783 732 1837 majoribus
771 1782 942 1824 Cervini
978 1780 1139 1837 generis
1170 1780 1438 1831 animalibus,
1469 1783 1840 1840 grandioribusque

164 1861 281 1908 feris3
322 1862 422 1901 dum
458 1858 704 1914 campestria
740 1858 919 1899 minores
958 1856 1175 1897 Mustelini
1212 1868 1255 1896 et
1292 1856 1442 1899 Canini
1480 1858 1641 1912 generis
1681 1860 1840 1915 species

163 1935 384 1992 praecipue
417 1934 712 1990 multiplicant,
742 1949 899 1990 proque
928 1932 1074 1973 harum
1112 1932 1312 1973 alimento
1341 1932 1444 1973 mire
1473 1933 1586 1973 varia
1623 1946 1666 1974 et
1701 1950 1841 1975 nume-

166 2026 257 2051 rosa
285 2011 443 2051 Murini
473 2010 635 2065 generis
663 2009 862 2065 progenie
892 2009 1111 2064 pullulant.
1162 2011 1289 2047 Vasta
1308 2008 1500 2049 Tatariae
1522 2011 1839 2064 Mongoliaeque

118 2125 120 2127 ,
167 2087 325 2126 deserta
354 2086 476 2126 simul
505 2085 696 2141 gregibus
726 2085 825 2125 feris
854 2088 1077 2139 Equorum,
1109 2082 1373 2130 Hemionum,
1405 2084 1663 2137 Onagrorum
1692 2095 1734 2123 et
1756 2087 1840 2124 An-

167 2160 391 2216 tiloparum
421 2160 707 2209 nobilitantur,
738 2171 840 2214 quos
868 2170 1159 2199 conterraneae
1188 2156 1406 2211 Tygride-S,
1436 2158 1579 2197 Oncae
1601 2169 1644 2197 et
1665 2158 1840 2198 Panthe-

167 2250 235 2276 rae
272 2235 479 2290 imprimis
515 2245 729 2274 venantur.
796 2234 964 2273 Arctica
1000 2246 1099 2272 vero
1131 2232 1320 2285 glabreta
1356 2232 1640 2282 venatoribus,
1678 2245 1840 2288 praeter

168 2311 276 2351 solos
305 2311 529 2358 Tarandos,
565 2309 723 2363 origine
753 2309 900 2364 prima,
926 2319 970 2349 ut
995 2306 1179 2358 videtur,
1214 2308 1432 2364 alpestres,
1467 2308 1538 2349 vix
1569 2308 1696 2349 ullam
1730 2324 1843 2364 prae·

170 2387 266 2426 dam
296 2385 551 2426 esculentam
580 2385 769 2426 offerunt.

1352 2464 1374 2490 ι
