2196 2927
886 191 1030 215 Ξ
1705 199 1790 238 12¹7

283 287 388 345 gulis
418 289 685 334 Paatkatebe;
717 288 896 330 Ostiacis
927 288 1240 342 Sui-gutensibus
1270 294 1441 340 Kaileli;
1480 295 1531 335 ad
1560 297 1720 350 Narym
1749 307 1791 336 et

283 369 430 406 Ketam
461 368 501 406 fl.
533 368 719 406 Challeli.
776 363 980 417 Tungusis
1011 366 1062 403 ad
1093 364 1306 420 Chatanga
1334 371 1373 408 ss.
1404 372 1546 411 deol.
1613 374 1791 425 Samoje-

284 440 348 480 (115
379 439 616 481 monticolis
645 441 847 492 Hangit03
901 435 1211 479 Camaschinzis
1238 443 1401 482 Kallao.
1472 445 1638 486 Arinzis
1667 449 1789 503 Κὴρ,-

281 517 332 555 ad
362 520 465 555 Kaas
493 517 532 554 fl.
559 514 650 570 Uja.
709 512 952 568 Georgianis
985 514 1264 556 Tschumaela.
1322 519 1519 572 Tangutis
1548 523 1788 576 Bschelong.

254 624 301 660 In
333 619 477 660 Rossia
506 635 589 661 non
619 621 772 670 solum,
817 621 888 661 sed
918 620 1046 661 etiam
1076 620 1228 661 Sibiria
1257 623 1392 674 omni,
1438 628 1489 666 ad
1532 630 1685 668 Lenam
1727 645 1787 669 us-

117 711 216 752 que,
249 694 351 736 locis
381 694 562 750 caespite
593 707 635 735 et
665 695 793 738 humo
823 697 966 745 tectis,
999 696 1125 736 etiam
1147 697 1447 740 borealioribus
1478 700 1601 747 vivit3
1632 713 1786 758 tempe·

116 771 285 812 ratiores
317 771 504 825 regiones
536 781 716 811 attamen
747 774 945 827 praefert,
991 783 1032 811 et
1079 772 1234 827 ubique
1277 772 1400 815 solito
1435 790 1546 815 more
1577 778 1650 816 sub
1681 792 1786 816 caes-

114 846 202 902 pite
233 846 339 886 fodit
368 845 517 899 egestis
547 861 620 901 per
647 846 868 888 intervalla
897 848 1093 897 cumulis,
1138 860 1180 888 et
1220 847 1550 903 hybernaculum
1593 862 1787 892 autumno

114 921 378 976 profundius,
425 922 554 961 multa
584 933 722 976 egesta
765 933 891 971 terra,
936 935 1053 978 parat
1083 925 1150 963 vel
1181 925 1253 964 sub
1284 924 1441 965 acervis
1471 925 1583 964 foeni
1613 927 1786 980 quaerit.

114 995 268 1051 Aprica
300 1008 508 1036 caeterum
539 1008 668 1044 amat,
711 1012 787 1037 nec
825 1010 963 1038 tamen
994 999 1129 1053 sylvas
1155 1011 1327 1039 recusat.
1399 1002 1521 1041 Pellis
1562 1015 1635 1056 pro
1679 1017 1786 1042 amu-

114 1072 199 1110 leto
228 1071 364 1126 plebi,
396 1072 558 1126 pectori
588 1073 787 1126 adpensa,
818 1084 958 1113 contra
989 1074 1143 1120 febres,
1174 1085 1216 1114 et
1238 1074 1271 1114 si
1297 1075 1448 1115 virtute
1472 1087 1626 1125 careat,
1659 1076 1786 1119 etiam

113 1146 157 1185 in
186 1146 344 1186 cineres
374 1149 538 1187 redacta
567 1159 743 1202 potatur.
800 1150 869 1188 Ad
898 1149 1057 1189 Tanain
1088 1161 1129 1188 et
1157 1149 1201 1188 in
1232 1150 1414 1190 Caucaso
1444 1152 1495 1190 ad
1519 1152 1673 1205 Cyrum
1701 1167 1785 1192 om-

114 1235 210 1260 nem
239 1235 366 1274 usque
396 1221 529 1260 minus
559 1222 750 1276 frequens
780 1234 863 1271 est,
906 1239 1030 1278 quam
1081 1225 1257 1278 Typlzle.
1329 1228 1376 1264 In
1405 1225 1559 1265 Sibiria
1588 1226 1784 1267 ulteriore

113 1297 245 1338 multo
276 1299 405 1350 major
433 1310 649 1351 europaea.

219 1452 366 1491 Nota.
425 1450 627 1492 Sibiricae
658 1461 699 1489 et
727 1449 924 1491 Rossicae
955 1464 1084 1506 aeque
1114 1451 1275 1493 variant
1304 1455 1442 1496 colore
1466 1457 1583 1496 furvo
1606 1469 1677 1496 seu
1699 1472 1783 1497 mu-

112 1525 205 1566 rino
235 1537 277 1565 et
307 1526 522 1573 aterrim03
554 1537 663 1565 atrae
693 1527 940 1580 quandoque
971 1527 1086 1580 gula,
1115 1539 1304 1581 pectore,
1344 1530 1490 1577 crisso,
1527 1531 1660 1586 carpis
1691 1546 1785 1571 cum

113 1615 216 1640 cano
245 1599 379 1640 nitore
410 1600 696 1640 fuscescentes.
767 1602 814 1637 In
845 1598 962 1646 atris,
1005 1600 1247 1654 praesertim
1284 1604 1496 1653 masculis,
1539 1606 1783 1660 plerumque

112 1674 239 1729 striga
267 1690 342 1729 per
372 1675 578 1713 abdomen
608 1673 923 1727 longitudinalis
953 1675 1199 1729 ferruginea.
1271 1677 1503 1717 Observavi
1545 1679 1673 1719 etiam
1715 1696 1783 1720 va-

110 1754 293 1789 rietatem
322 1751 444 1805 plane
474 1751 631 1795 albam,
661 1748 771 1788 circa
800 1749 1012 1789 ferrariam
1041 1749 1252 1790 officinam
1281 1751 1612 1801 Kuschvensem,
1655 1766 1698 1794 et
1727 1756 1784 1795 al·-

110 1826 206 1865 bam
233 1840 328 1864 cum
357 1824 538 1865 intincto
567 1838 713 1879 gryseo
744 1824 895 1864 colore.
959 1826 1122 1865 Pondus
1151 1824 1331 1866 sibiricis
1361 1828 1630 1869 orientalibus
1661 1844 1782 1883 saepe

111 1900 294 1956 quinque
323 1911 364 1939 et
395 1901 479 1940 fere
510 1914 581 1940 sex
623 1899 856 1947 unciarum3
901 1911 942 1939 at
983 1900 1246 1942 citerioribus
1290 1914 1333 1943 et
1374 1902 1540 1944 rossicis
1578 1903 1783 1944 biunciali.

110 1975 352 2030 plerumque
382 1975 530 2016 minus.
589 1974 678 2015 Illis
707 1975 925 2029 longitudo
956 1975 1203 2015 dodantalis.
