2196 2927
1742 215 1764 243 ιο

1770 215 1796 255 Ὁ

1805 215 1829 241 ἢ

148 668 339 738 Avium
368 690 507 731 classis
538 697 679 736 aerea,
710 688 785 728 alis
817 689 865 728 ad
897 687 1124 743 longinqua
1153 687 1307 730 itinera
1329 690 1548 743 instructa,
1582 709 1664 736 non
1685 707 1826 739 tamen

148 769 301 823 ubique
332 777 533 806 terrarum
563 767 729 805 easdem
768 763 928 820 species
965 765 1087 804 offert
1117 776 1158 804 et
1187 765 1230 804 in
1262 766 1394 807 varias
1436 770 1573 823 quoad
1617 770 1727 811 vitae
1758 786 1823 827 ge-

147 858 219 884 nus
249 841 427 882 familias
456 841 649 881 discedit.
720 843 819 880 Non
862 840 994 880 solum
1037 839 1151 879 enim
1194 842 1437 883 naturaliter
1465 844 1509 885 in
1539 852 1752 903 aquaticas
1781 859 1823 889 et

142 929 342 960 terrestres
371 928 656 972 segregantur,
696 927 735 955 et
764 914 910 955 harum
937 914 1087 955 itidem
1118 917 1334 971 aquaticae
1365 919 1408 959 in
1438 926 1628 963 natatiles
1652 934 1694 962 et
1711 926 1823 977 gral-

145 999 336 1038 latoria35
368 994 440 1032 sed
471 991 598 1031 etiam
628 991 832 1046 plurimae
862 995 1033 1038 locales,
1064 991 1343 1046 peculiaribus
1373 996 1632 1051 regionibus,
1663 997 1822 1039 situbus

142 1081 182 1110 et
214 1068 374 1109 climati
405 1068 620 1114 addictae,
650 1078 820 1107 naturae
851 1067 1028 1120 quadam
1058 1067 1172 1121 lege,
1214 1084 1296 1108 non
1326 1085 1489 1126 semper
1517 1073 1670 1127 pabulo
1700 1088 1821 1129 pecu—

141 1143 237 1184 liari
267 1143 311 1183 in
341 1144 435 1183 loco
466 1142 608 1182 nativo
638 1142 894 1188 retinentur,
937 1143 1048 1196 quod
1093 1143 1144 1183 de
1185 1150 1350 1200 tropicis
1393 1147 1635 1202 praesertim
1675 1149 1820 1189 avibus

141 1219 272 1266 valet,
304 1233 439 1272 neque
469 1217 579 1256 inter
608 1228 808 1257 nostrates
841 1218 1033 1272 exempla
1064 1219 1225 1259 desunt.
1286 1221 1440 1261 Contra
1470 1237 1491 1262 e
1522 1227 1634 1262 Zona
1656 1235 1819 1278 septen·

140 1293 402 1342 trionaliore‚
446 1292 519 1332 ubi
561 1291 786 1332 viciniores
828 1292 928 1346 polo
968 1303 1095 1333 terras
1136 1292 1283 1348 hyems
1314 1296 1436 1351 longa
1466 1297 1619 1352 premit
1649 1310 1691 1338 et
1719 1310 1820 1340 tunc

137 1368 232 1409 nive
264 1369 345 1408 alta
374 1378 484 1407 tecta
515 1378 608 1407 sunt
638 1366 797 1416 omnia,
828 1367 1033 1423 plurimae
1063 1368 1226 1423 fugiunt
1255 1375 1515 1425 migratoriae
1543 1388 1658 1421 aves,
1694 1390 1822 1430 penu-

139 1444 200 1484 ria
229 1442 476 1499 praesertim
507 1442 640 1483 victus
670 1457 833 1498 pressae
871 1453 915 1481 et
957 1442 1147 1496 regiones
1188 1458 1390 1499 quaerunt
1432 1458 1700 1503 temperatas,
1745 1449 1818 1491 ubi

137 1534 221 1559 non
251 1518 359 1573 riget
388 1530 517 1567 terra,
550 1533 679 1572 aquae
710 1533 793 1558 non
824 1517 1107 1571 congelantur.
1166 1521 1370 1575 Adeoque
1403 1522 1496 1562 aliis
1526 1539 1615 1564 mos
1645 1536 1705 1564 est
1730 1540 1818 1565 ver·

139 1610 202 1634 sus
233 1605 412 1633 austrum
441 1592 593 1633 sensim
624 1592 859 1641 discedere,
891 1592 1136 1647 praesertim
1166 1597 1415 1636 terrestribus
1443 1608 1483 1636 et
1508 1599 1680 1643 GraZZis;
1709 1599 1817 1640 aliae

136 1685 229 1710 cum
258 1669 440 1709 maxime
471 1671 680 1715 natatiles,
710 1668 834 1721 longe
877 1681 1000 1722 saepe
1041 1678 1151 1708 trans
1189 1670 1317 1710 maria
1345 1683 1545 1725 quaerunt
1586 1673 1731 1713 brevia
1774 1685 1817 1715 et

135 1743 440 1799 Archipelagus
469 1742 712 1799 praesertim
743 1742 983 1791 Americae,
1039 1756 1091 1782 ex
1121 1743 1451 1787 occidentalibus
1481 1762 1652 1802 magnae
1684 1749 1817 1790 conti-

138 1819 274 1859 nentis
305 1834 444 1859 versus
475 1834 668 1859 occasum
698 1817 924 1867 aestivum,
965 1832 1018 1857 ex
1055 1818 1327 1859 orientalibus
1357 1821 1482 1862 Asiae
1512 1838 1650 1863 versus
1681 1824 1815 1864 orien-

138 1906 222 1934 tem
250 1893 485 1948 hybernum
515 1895 598 1934 lata
629 1893 757 1934 maria
786 1894 1062 1949 trajicientes,
1108 1911 1185 1935 non
1215 1905 1350 1936 tamen
1391 1902 1450 1938 ita
1492 1903 1533 1939 in
1575 1904 1815 1948 universum,

137 1980 179 2008 ut
208 1983 292 2008 non
320 1970 525 2023 quaedam
554 1969 597 2008 in
626 1968 991 2024 temperatioribus
1021 1970 1260 2024 sporadicae
1290 1971 1469 2021 resides,
1508 1974 1635 2013 etiarn
1667 1985 1816 2015 austra-

140 2043 265 2083 liores
295 2058 464 2097 magnos
494 2045 605 2084 lacus
636 2055 677 2084 et
714 2045 910 2099 paludes,
956 2045 1048 2098 plus
1090 2043 1226 2084 minus
1259 2046 1423 2086 dissitas
1451 2060 1662 2102 quaerant.
1734 2052 1816 2089 Ha-

142 2132 313 2172 rumque
345 2118 675 2172 migratoriarum
706 2130 859 2158 turmas
890 2130 1115 2173 sequuntur
1152 2120 1323 2174 sparsim
1359 2123 1584 2178 Praepetes.
1655 2125 1812 2166 Omnes

138 2207 235 2232 vero
264 2204 452 2248 tempore
482 2193 651 2233 venerei
681 2193 839 2232 stimuli
868 2193 1103 2247 ingruente,
1148 2194 1463 2249 prolificationis
1502 2199 1632 2253 gratia
1663 2202 1714 2241 ad
1744 2217 1813 2241 an-

136 2268 271 2322 tiquas
300 2270 418 2308 sedes
449 2267 628 2308 fideliter
656 2279 928 2307 revertuntur.
986 2269 1121 2309 Unica
1152 2271 1489 2325 Septentrionem
1512 2274 1684 2314 visitans
1708 2275 1808 2326 avis,

137 2343 363 2383 Diomedea
378 2344 586 2390 Alban-us,
617 2342 815 2398 hyemem
832 2344 1099 2384 antarcticam
1127 2344 1301 2401 fugiens,
1327 2363 1400 2402 per
1415 2348 1661 2390 immensum
1679 2352 1810 2392 Ocea-

136 2433 232 2458 num
265 2420 315 2460 ad
346 2430 481 2460 nostra
512 2419 674 2468 littora,
720 2419 873 2459 aestiva
904 2420 1154 2460 abundantia
1185 2421 1362 2476 piscium
1393 2426 1721 2477 anadromorum,
1753 2427 1814 2467 al-

1325 2506 1375 2542 38
