2196 2927
456 194 542 239 278
1213 197 1357 220 ————-

460 299 580 346 dous,
612 307 788 351 utroque
819 297 997 343 vertice,
1027 295 1210 336 maxime
1241 293 1490 350 posteriore,
1531 293 1685 335 leviter
1714 308 1981 351 compressus.
2047 297 2135 337 Sin-

460 371 613 428 gularis
643 374 759 411 theca
788 371 947 426 postice
976 371 1219 411 scleroticae
1249 370 1391 410 innata
1420 385 1592 410 nervum
1621 370 1830 425 opticum,
1858 372 2024 427 propria
2048 374 2135 429 pel-

458 447 597 488 lucida
627 448 865 486 membrana
894 447 1139 488 obvolutum
1177 445 1368 501 vaginat,
1403 446 1613 501 fundoque
1651 445 1812 486 orbitae
1852 445 2133 501 implantatur,

458 535 648 566 texturae
678 521 981 562 tenacissimae.
1054 525 1166 562 Intra
1194 537 1286 562 eam
1316 523 1539 561 decurrunt
1568 521 1788 561 arteriolae
1817 521 1940 561 binae
1970 534 2013 562 et
2041 539 2134 577 qua-

460 611 552 640 tuor
582 612 731 646 venae,
763 597 1023 651 totidemque
1053 597 1236 646 nervuli,
1276 614 1297 637 a
1327 597 1476 651 quibus
1507 612 1601 636 vasa
1640 596 1890 636 adducentia
1926 607 1968 636 et
2004 598 2132 647 nervi,

458 690 532 732 per
559 672 815 729 peculiarem
843 672 1087 712 scleroticae
1118 672 1253 712 sinum
1283 672 1511 727 posticum,
1550 682 1631 711 tres
1668 672 1799 711 lineas
1836 672 1988 719 latum,
2024 685 2136 713 recta

458 751 632 792 bulbum
662 748 774 787 oculi
811 747 1058 787 subintrant.
1097 772 1150 778 —
1192 747 1315 787 Circa
1357 746 1526 787 thecam
1574 747 1693 786 illam
1734 746 1891 802 triplex
1934 751 2136 789 musculus

458 824 658 880 pollicem
688 822 816 868 latus,
846 823 918 876 qui
949 838 970 861 a
999 823 1128 862 fundo
1158 822 1317 862 orbitae
1349 833 1480 868 ortus,
1512 821 1623 861 circa
1645 821 1781 861 sinum
1807 823 2049 863 scleroticae
2077 824 2136 864 in-

460 899 622 939 seritur.
694 897 803 937 Hinc
847 896 929 936 alia
972 902 1124 951 vagina
1166 912 1311 952 parum
1354 896 1483 951 priori
1527 895 1764 945 dissimilis,
1809 899 1985 938 vasculis
2026 899 2136 939 intus

458 974 591 1030 picta,
624 972 886 1027 granulisque
925 973 992 1011 vel
1030 971 1284 1026 glandulosis
1321 972 1388 1010 vel
1428 971 1607 1026 adiposis
1645 973 1848 1025 adspersa.
1872 998 1926 1003 -
1956 977 2138 1014 Demum

461 1053 631 1090 musculi
658 1059 883 1102 sequuntur
910 1053 1145 1096 exteriores,
1186 1062 1360 1101 quorum
1391 1052 1543 1101 primus
1574 1062 1595 1085 a
1624 1045 1765 1085 medio
1797 1046 1956 1086 orbitae
1988 1050 2038 1088 ad
2068 1050 2137 1089 ba-

459 1124 522 1164 sin
551 1123 662 1178 globi
694 1123 806 1163 oculi
834 1138 1054 1164 excurrens
1084 1122 1196 1163 fibris
1225 1133 1388 1162 constat
1419 1121 1704 1169 annularibus;
1742 1123 1937 1162 secundus
1966 1134 2138 1164 stratum

459 1198 612 1244 sin1ile3
646 1203 803 1247 tertius,
844 1200 894 1239 ab
931 1210 1105 1238 externa
1135 1197 1471 1238 circumferentia
1507 1196 1667 1236 orbitae
1697 1207 1830 1243 ortus,
1875 1209 2049 1252 quatuor
2078 1214 2136 1239 re-

461 1275 539 1314 ctis
567 1273 775 1314 fasciculis
807 1273 1051 1313 scleroticae
1080 1273 1244 1313 mediae
1275 1273 1348 1311 sub
1378 1271 1469 1310 istis
1499 1270 1711 1318 insertum-3
1750 1282 1916 1326 quartus
1954 1273 2136 1328 denique

462 1349 668 1389 musculus
699 1347 912 1402 obliquus,
943 1359 1072 1395 teres,
1103 1363 1277 1403 quorum
1306 1346 1493 1387 omnium
1523 1345 1632 1386 actio
1662 1346 1706 1385 in
1736 1347 1817 1386 situ
1841 1348 1953 1388 oculi
1978 1360 2137 1389 mutan-

461 1425 515 1465 do
544 1422 717 1478 insignis
746 1437 833 1462 esse
864 1423 1074 1462 debet.--
1103 1425 1325 1463 Sclerotica
1354 1421 1466 1461 oculi
1497 1421 1736 1468 durissima,
1774 1421 1883 1462 inter
1912 1439 2068 1464 osseam
2095 1436 2137 1465 et

459 1498 773 1552 cartilagineam
803 1496 962 1546 media,
1005 1497 1130 1537 simul
1168 1497 1398 1546 albissima,
1444 1496 1568 1536 sulcis
1611 1509 1784 1552 quatuor
1822 1498 2133 1553 longitudinali-

457 1574 532 1612 bus
562 1588 636 1628 pro
677 1588 875 1613 venarum
913 1573 1203 1613 reducentium
1245 1588 1316 1612 seu
1359 1576 1656 1612 emissariorum
1697 1574 1871 1613 decursu
1913 1574 2133 1629 insculpta.

457 1651 614 1689 Cornea
644 1648 848 1689 diametro
879 1665 902 1699 9
931 1648 1076 1689 linear.
1106 1648 1263 1689 circulo
1290 1647 1496 1703 peculiari
1526 1662 1547 1686 a
1577 1648 1795 1688 sclerotica
1833 1648 2132 1699 disterminata,

459 1735 649 1763 constans
678 1725 835 1764 duabus
864 1722 1051 1771 laminis,
1092 1723 1291 1763 distincte
1329 1722 1548 1777 spongiosa
1585 1722 1726 1775 diploe
1757 1723 1986 1775 disjunctis.
2057 1727 2135 1763 Iris·

461 1797 643 1836 exterius
672 1796 881 1852 propriam
917 1797 1149 1844 lamellam,
1194 1812 1265 1836 seu
1307 1800 1517 1837 reticulum
1559 1797 1682 1835 refert
1726 1797 1974 1845 coloratum,
2018 1801 2130 1853 quod

460 1871 721 1911 subtilissimi
749 1871 876 1910 instar
905 1871 1042 1925 operis
1071 1871 1231 1911 textilis
1263 1872 1308 1911 in
1338 1873 1487 1911 formas
1524 1871 1735 1910 frondosas
1765 1872 2022 1912 elaboratum
2052 1885 2126 1923 est,

460 1957 503 1987 ut
530 1946 573 1986 in
602 1951 803 2000 majorum
834 1947 1103 1987 Balaenarum
1133 1947 1264 1987 oculis
1293 1945 1529 1986 distinctius
1560 1957 1742 2000 apparet.
1802 1946 1923 1987 Iridis
1954 1949 2129 1989 reticulo

459 2036 533 2076 per
563 2021 764 2061 ambitum
794 2021 888 2061 laxe
917 2022 1124 2063 incumbit
1152 2026 1360 2063 vasculum
1387 2021 1608 2068 circulare,
1638 2021 1805 2061 ramulis
1827 2038 1966 2062 versus
1996 2023 2129 2079 pupil-

404 2132 405 2135 ,
460 2099 542 2137 lam
571 2097 788 2137 radiatum.
862 2101 974 2137 Inter
1014 2098 1233 2138 reticulum
1264 2097 1381 2137 iridis
1412 2109 1452 2137 et
1482 2101 1641 2137 Uveam
1672 2108 1750 2137 tres
1778 2102 1918 2138 circuli
1947 2098 2126 2139 vascula-

460 2189 523 2213 res
552 2173 638 2212 sive
668 2177 778 2212 sinus
806 2173 990 2228 pupillae
1028 2172 1337 2228 circumpositi:
1374 2178 1549 2212 extimus
1585 2188 1752 2213 venosus
1788 2174 1831 2211 H
1838 2178 1940 2212 ovii
1978 2173 2125 2219 dictus,

462 2250 512 2288 ad
542 2247 720 2287 confinia
750 2247 1013 2296 sclerofflcae,
1049 2259 1223 2304 quatuor
1260 2247 1374 2287 venis
1405 2264 1475 2288 seu
1504 2253 1722 2288 emissariis
1763 2247 2007 2303 supradictis
2051 2262 2126 2301 per

462 2322 722 2362 scleroticam
751 2338 988 2378 erumpens,
1021 2338 1196 2378 vasaque
1226 2323 1392 2363 serlfera
1415 2323 1593 2379 plurima
1617 2338 1639 2363 e
1662 2322 1862 2363 choroide
1898 2320 2124 2374 recipiens;

463 2397 656 2438 secundus·
684 2397 820 2439 minor
847 2413 919 2439 seu
946 2400 1101 2441 medius
1129 2400 1386 2453 Ruyschco
1416 2398 1567 2438 nullibi
1597 2398 1750 2448 dietus,
1781 2412 1903 2452 quem
1931 2397 1972 2434 H
1981 2402 2125 2438 evius
