2196 2927
393 180 483 228 264
1152 184 1300 198 ⁶-

395 290 587 336 fractum,
619 284 722 342 quid
751 284 904 325 mirum
934 284 969 325 si
996 282 1216 340 pigritiae,
1243 282 1453 324 tarditatis
1482 293 1523 322 et
1547 281 1825 337 ignobilitatis
1847 283 2070 339 pessimam

391 362 616 418 acquisivit
644 363 797 402 famam
826 372 868 401 et
898 378 919 401 a
949 362 1034 401 fera
1064 361 1192 416 stirpe
1230 360 1408 400 multum
1451 358 1741 414 degeneravit,
1787 360 1886 399 dum
1928 371 2070 400 contra

390 440 586 481 Caballus
627 453 725 478 cura
767 436 951 477 hominis
996 436 1208 492 pulcrior,
1254 439 1409 490 major,
1461 435 1770 490 perfectiorque
1813 435 1943 475 factus
1986 447 2072 486 est,

388 530 513 570 quam
542 513 585 554 in
615 525 722 554 statu
750 524 992 568 spontaneo.
1065 516 1112 552 In
1142 512 1299 553 Arabia
1328 522 1370 551 et
1399 511 1642 551 australiore
1673 510 1812 551 Persia
1841 511 1913 551 ubi
1944 514 2073 562 major

388 590 500 631 circa
529 589 663 630 asinos
694 604 790 629 cura
820 590 968 628 dantur
996 589 1127 628 multo
1165 587 1414 643 pulcriores,
1462 587 1626 642 onagris
1669 586 1827 627 similes
1870 597 1913 626 et
1953 602 2073 627 cursu

390 681 522 721 aeque
552 664 722 705 velocis.
796 667 842 703 In
873 667 1037 718 Europa
1068 663 1290 703 domestici
1319 663 1449 703 etiam
1486 679 1507 703 a
1538 664 1676 704 colore
1709 663 1866 718 Onagri
1896 663 2074 717 degene-

389 752 548 788 rarunt3
579 742 706 781 modo
735 738 848 779 enim
878 737 1150 793 leucophaei,
1192 739 1464 793 plumbeique
1497 741 1622 779 modo
1653 739 1780 789 fusci,
1826 739 1956 779 inimo
1986 738 2074 779 albi

389 830 429 858 et
458 817 569 872 nigri
598 816 727 856 etlam
758 826 1000 863 nascuntur,
1045 825 1177 853 rostro
1221 824 1363 853 tamen
1393 813 1503 853 circa
1533 829 1577 853 os
1608 825 1649 854 et
1679 830 1796 855 nares
1827 829 1990 870 semper
2020 814 2076 854 al-

388 894 577 942 bicante,
610 903 650 932 et
680 904 802 930 cruce
833 890 949 944 nigra
979 904 1069 929 raro
1100 888 1305 928 destituti.
1378 892 1425 928 In
1469 890 1624 944 Anglia
1667 891 1792 944 vulgo
1834 891 1959 946 plane
2006 892 2073 930 ab·

390 968 524 1009 scissis
556 967 719 1007 auribus
748 965 905 1005 miselli
936 964 1141 1013 serviunt,
1187 967 1301 1017 cujus
1332 964 1536 1004 rationem
1568 966 1732 1020 accepi,
1778 976 1822 1004 ut
1853 965 1935 1004 sint
1963 965 2077 1020 ’quie-

389 1043 515 1084 tior-es
546 1054 589 1083 et
619 1042 748 1096 magis
778 1041 1044 1088 obediente83
1076 1040 1260 1080 creditur
1290 1040 1424 1089 enim,
1456 1052 1626 1096 propter
1658 1040 1977 1096 amplitudinem
2008 1055 2078 1080 ex-

389 1118 498 1159 terni
528 1117 672 1172 organi
703 1117 885 1165 auditus,
931 1116 1056 1156 nimis
1101 1132 1169 1157 eos
1208 1115 1317 1156 affici
1348 1127 1390 1155 et
1420 1116 1617 1156 attonitos
1646 1117 1765 1172 quasi
1797 1116 1915 1156 reddi
1946 1133 1966 1156 a
1998 1117 2078 1157 cla·

390 1194 574 1235 moribus
604 1204 644 1233 ct
675 1192 851 1248 strepitu
881 1192 991 1233 circa
1022 1208 1064 1231 se
1095 1191 1305 1238 excitato,
1335 1192 1445 1231 unde
1477 1192 1752 1232 observabilis
1785 1207 1927 1231 eorum
1953 1191 2077 1232 hehe-

388 1271 490 1310 tudo
520 1281 563 1309 et
592 1267 903 1316 inobedientia,
936 1282 1041 1322 quae
1073 1267 1263 1307 abscissis
1294 1266 1460 1306 auribus
1489 1266 1703 1306 minuitur.

527 1349 568 1392 β.
600 1344 766 1397 Onager
795 1343 879 1382 fera
907 1342 1147 1398 progenies,
1191 1342 1235 1382 in
1285 1342 1530 1382 australibus
1570 1342 1742 1383 desertis
1772 1342 1966 1382 Tatariae
1996 1358 2078 1383 ma-

391 1435 496 1476 gnae
541 1431 583 1459 et
624 1418 786 1458 Persiae
829 1417 1083 1457 cohortatim
1129 1417 1266 1458 adhuc
1311 1429 1482 1472 vagatur
1523 1418 1812 1458 australiorum
1860 1419 2078 1473 regionum

393 1495 617 1542 amantior,
656 1506 796 1535 tamen
827 1493 985 1534 aestivo
1013 1504 1202 1549 tempore
1233 1508 1360 1548 usque
1390 1494 1443 1533 ad
1473 1493 1805 1549 septentrionem
1842 1493 1964 1533 maris
1995 1509 2078 1534 cas-

390 1572 474 1627 pii,
518 1585 740 1611 excurrens
779 1580 822 1610 et
850 1569 1062 1610 interdum
1094 1570 1144 1609 ad
1172 1571 1382 1618 Jembam,
1425 1572 1585 1609 Ja'i'cum
1617 1580 1659 1609 et
1689 1569 1792 1609 Irtin
1823 1570 2076 1609 observatus.

392 1648 617 1695 Incedunt,
663 1657 708 1686 ut
747 1645 946 1701 equiferi,
986 1646 1100 1698 ,duce
1138 1645 1273 1699 gregis
1303 1644 1528 1685 fortissimo
1574 1643 1817 1685 admissario
1856 1656 1899 1685 et
1943 1659 2080 1684 nxorsu

396 1737 526 1777 aeque
557 1737 603 1762 ac
634 1721 853 1762 calci-tratu
882 1731 1080 1776 pugnant.
1139 1719 1362 1759 Hominem
1410 1721 1518 1759 bene
1557 1731 1826 1774 conspectum
1869 1721 2078 1759 rudientes

393 1808 507 1837 tanta
539 1797 754 1837 celeritate
787 1796 970 1850 fugiunt,
1022 1806 1067 1833 ut
1098 1794 1382 1834 velocissimos
1412 1810 1540 1848 equos
1569 1795 1692 1848 longe
1735 1807 1827 1850 post
1870 1809 1912 1834 se
1956 1794 2078 1834 relin-

395 1883 536 1927 quant.
593 1872 702 1912 Caro
732 1885 977 1925 onagrorum
1006 1870 1197 1910 laudatur
1227 1885 1248 1908 a
1276 1869 1552 1909 Nomadibus.
1610 1872 1741 1910 Dorsa
1773 1872 1823 1910 ad
1848 1870 2080 1925 granulatas

397 1947 529 2003 pelles
558 1949 795 2001 (Schagrin)
830 1945 1202 2002 praestantissima,
1235 1944 1422 2000 quamvis
1452 1946 1503 1985 ad
1532 1944 1644 1986 hunc
1675 1961 1791 1986 usum
1816 1945 1942 1986 etiam
1968 1944 2082 1999 cqui-

397 2038 448 2063 na
478 2033 521 2062 et
552 2022 712 2062 asinina
741 2021 1019 2062 adhibeantur
1047 2033 1226 2075 tei-gera.
1285 2022 1459 2061 Modum
1492 2020 1566 2061 has
1609 2021 1741 2077 pelles
1784 2021 1958 2077 parandi
1999 2018 2081 2076 pri-

399 2114 486 2139 mus
530 2097 716 2139 exactius
759 2097 961 2153 exposui,
1017 2096 1131 2152 prius
1179 2096 1425 2152 imperfecte
1481 2096 1756 2153 descripserat
1815 2099 2081 2149 Valentyn

402 2174 444 2214 in
476 2190 577 2215 nats.
608 2177 782 2215 Museor.
816 2173 936 2226 (edit.
970 2180 1117 2228 germ.)
1143 2173 1228 2214 vol.
1258 2175 1290 2211 I.
1328 2189 1365 2229 p.
1397 2180 1489 2224 439.
1535 2174 1606 2214 lib.
1635 2175 1710 2213 III.
1754 2189 1844 2229 cap.
1882 2190 1940 2213 10.
1983 2170 2079 2211 Sine

400 2252 670 2292 fundamento
701 2249 910 2291 dubitavit
952 2252 1037 2289 (fl.
1067 2251 1285 2289 Beliman
1314 2249 1457 2302 (libell.
1488 2266 1528 2305 Γ.
1559 2253 1669 2303 235.)
1712 2250 1885 2289 Assum
1919 2258 2081 2303 sponta-

404 2340 525 2365 neum
556 2338 739 2366 nestrum
772 2340 868 2366 rere
900 2340 987 2365 esse
1016 2326 1229 2379 Onugrum
1274 2325 1556 2380 antiquorum,
1600 2326 1694 2366 loto
1731 2327 1987 2377 fhilostorgu
2019 2322 2079 2361 {n-

407 2399 574 2454 sistensg,
604 2402 676 2456 qui
706 2401 851 2458 utique
881 2402 1058 2443 Zabram
1089 2400 1236 2443 voluit.
1308 2401 1420 2456 Quid
1451 2401 1486 2442 si
1514 2402 1578 2441 vir
1604 2403 1690 2443 Cel.
1721 2402 1954 2455 Oppianum
1984 2414 2080 2440 con-
