2196 2927
865 170 1006 194 Ξ
1699 176 1787 215 419

248 271 298 309 In
340 267 455 310 omni
498 267 663 315 Rossia,
705 267 967 324 potissimum
1004 281 1232 325 temperata
1261 284 1304 313 et
1334 274 1594 321 australiore,
1635 289 1786 329 magno

112 360 284 385 numero
313 346 576 400 frequentant
604 355 646 383 et
674 360 695 384 a
723 345 846 399 plebe
877 343 1026 398 gentili
1070 346 1224 399 pariter
1265 360 1306 388 et
1345 348 1571 390 christiana
1599 348 1785 404 hospitio

111 421 322 468 coluntur,
365 420 526 460 statutis
568 418 611 458 in
656 419 737 458 alta
767 418 926 474 pertica
956 417 1065 459 circa
1095 421 1239 461 domos
1276 423 1392 470 ollis,
1436 426 1502 463 vel
1533 425 1702 466 doliolis
1731 440 1784 465 ex

112 497 302 535 arborum
332 494 486 535 cortice
517 494 656 543 factis,
701 505 746 533 ut
791 495 978 542 Sturnos,
1019 505 1064 533 ut
1107 506 1200 534 sunt
1235 497 1459 537 familiares
1488 510 1528 538 et
1558 501 1783 555 procaculL

110 571 159 610 ad
189 570 308 610 nidos
336 570 380 609 in
408 568 460 608 iis
496 569 734 608 condendos
777 568 977 617 invitent,
1021 583 1097 609 nec
1144 570 1360 620 falluntur,
1407 587 1608 628 aegreque
1651 577 1787 617 ferunt

106 645 142 684 si
174 644 264 699 quis
294 644 419 684 talem
451 643 596 683 nidum
627 644 790 683 turbare
821 643 888 682 vel
919 645 1112 683 Sturnum
1141 645 1251 685 circa
1280 660 1407 701 pagos
1436 647 1628 689 occidere
1659 650 1787 696 velit;

111 721 223 774 quod
253 731 295 759 et
326 717 516 760 Cosaccis
544 718 808 758 tanaensibus
839 729 879 757 et
923 717 1153 772 rhymnicis
1183 722 1310 761 nefas.
1332 747 1386 753 —
1416 725 1463 761 In
1494 723 1672 764 Sibiriae
1700 735 1787 764 tan-

105 807 194 834 tum
223 793 520 849 campestribus
552 793 881 842 australionbus,
915 794 1077 833 deserto
1107 795 1352 846 Barabensi,
1392 798 1443 836 ad
1473 812 1640 838 omnem
1670 798 1787 847 Irtin,

107 869 346 924 campisque
378 868 486 908 circa
519 868 711 908 alta'i'cum
743 872 882 922 jugum
913 879 954 908 et
982 868 1213 918 Jeniseam,
1245 870 1521 926 hospitantur.
1580 873 1700 913 Ultra
1726 876 1787 913 Je-

106 943 267 984 niseam
302 945 355 984 ob
403 942 591 997 reg³ones
633 942 824 998 frigidas,
870 944 1074 998 sylvosas,
1118 945 1531 999 alpestres,'sensirn
1574 947 1786 989 deficiunt.

105 1020 343 1058 Secundum
372 1020 579 1072 Angaram
623 1029 761 1058 tamen
803 1019 944 1073 paucis
979 1031 1073 1059 ante
1103 1035 1168 1059 me
1199 1020 1315 1060 annis
1345 1024 1651 1063 adscenderunt
1679 1026 1786 1063 Ircu-

105 1094 206 1133 tiam
237 1109 386 1148 usque,
417 1094 487 1133 sed
517 1092 767 1147 parcissimi,
799 1108 932 1148 neque
964 1094 1070 1134 ultra
1100 1095 1346 1150 campestria
1376 1096 1597 1151 Borgusini
1625 1099 1665 1137 ss.
1697 1112 1786 1152 per-

105 1179 325 1214 venerunt3
370 1167 455 1208 imo
496 1168 540 1207 in
585 1167 735 1223 apricis
767 1170 818 1208 ad
849 1169 1067 1223 Selengam
1098 1181 1138 1209 et
1168 1170 1211 1209 in
1242 1171 1426 1211 Dauuria
1468 1172 1592 1227 plane
1623 1173 1785 1212 desunt.

102 1242 357 1283 Nidulantur
386 1243 510 1296 vulgo
539 1242 582 1281 in
614 1242 768 1283 truncis
798 1243 979 1282 Salicum
1022 1255 1064 1284 et
1106 1245 1356 1299 Populorum
1386 1245 1511 1287 cavis,
1583 1247 1675 1286 Ova
1706 1245 1782 1285 cir-

102 1317 207 1358 citer
237 1325 274 1358 5.
304 1332 326 1358 e
359 1317 720 1358 viridi-coeruleo
763 1317 977 1373 pallentia.
1050 1322 1145 1358 Post
1187 1321 1403 1359 educatam
1460 1321 1640 1375 polem,
1684 1335 1790 1375 quae

102 1407 229 1447 usque
261 1392 312 1431 ad
343 1403 583 1432 autumnum
612 1407 757 1447 grysea
787 1404 872 1438 est,
916 1392 1096 1448 primum
1135 1392 1386 1434 cohortatixn
1424 1395 1588 1443 volant,
1631 1397 1729 1436 dein
1760 1410 1784 1436 e

101 1478 189 1507 tota
218 1466 388 1520 regione
418 1467 461 1506 in
492 1467 746 1506 millenarios
777 1467 984 1507 exercitus
1016 1480 1334 1522 congregantur,
1377 1480 1422 1508 ut
1450 1485 1570 1525 saepe
1601 1482 1783 1512 transvo-

101 1542 167 1582 lae
206 1542 333 1581 instar
369 1541 489 1582 nubis
533 1542 663 1582 solem
709 1541 1000 1597 intercipiant,
1045 1542 1310 1599 maximoque
1354 1558 1448 1583 cum
1492 1545 1668 1599 strepitu
1709 1561 1783 1600 per

103 1626 195 1658 aera
226 1629 435 1672 gyrentur.
466 1620 521 1669 ()
580 1620 685 1656 Tum
717 1616 873 1657 circum
904 1629 1110 1665 armenta,
1139 1632 1214 1674 per
1243 1617 1413 1658 saliceta
1444 1629 1485 1657 et
1514 1620 1642 1659 colles
1673 1620 1781 1675 gryl-

101 1692 152 1732 lis
183 1694 438 1732 abundantes
469 1703 686 1746 vagantur,
731 1691 774 1731 in
804 1693 1059 1733 arundinetis
1096 1704 1138 1733 et
1167 1691 1347 1733 salicetis
1385 1705 1649 1747 pernoctant,
1695 1709 1782 1734 sen·

101 1767 260 1822 simque
285 1782 422 1808 versus
446 1778 627 1807 austrum
651 1768 863 1807 recedunt.
886 1792 942 1799 -—
970 1767 1108 1808 Primo
1132 1782 1228 1807 vere
1259 1767 1451 1820 (Martio)
1483 1769 1679 1815 redeunt,
1709 1768 1780 1808 sed

102 1857 223 1896 saepe
254 1857 336 1882 non
367 1841 456 1882 veri
484 1841 628 1882 nuncii
658 1841 789 1888 veris,
833 1842 1057 1883 flavissimo
1087 1854 1176 1883 tum
1216 1853 1347 1882 rostro
1377 1853 1417 1881 et
1447 1842 1624 1897 pedibus
1655 1843 1784 1882 fusco·

102 1916 362 1966 rubentibus,
407 1916 638 1972 splendidis
679 1915 832 1970 plumis
863 1917 988 1959 nitidi
1017 1933 1180 1962 omnes,
1224 1917 1329 1958 item
1358 1916 1622 1972 pinguissimi
1651 1927 1692 1955 et
1721 1927 1784 1956 ‘tu-2

102 1989 226 2029 midis
268 1994 349 2043 jam
390 1990 563 2030 testibus
605 2004 755 2038 mares,
799 1991 871 2030 sed
913 1991 957 2033 in
1000 1991 1201 2046 Volgensi
1244 2002 1377 2031 tractu
1418 1989 1785 2044 pediculosissimi,

102 2064 294 2104 lendibus
324 2066 374 2105 ad
405 2066 521 2105 bases
551 2064 785 2119 plumarum
814 2064 894 2107 toti
930 2065 1105 2114 obsessi,
1151 2067 1260 2105 unde
1308 2066 1353 2105 in
1401 2063 1638 2117 regionibus
1680 2080 1785 2120 aqua

104 2139 337 2180 carentibus
367 2138 621 2193 hybernasse
652 2150 844 2194 apparet,
888 2154 980 2180 eam
1011 2154 1108 2180 vero
1136 2139 1380 2194 progeniem
1410 2138 1454 2178 in
1483 2137 1785 2179 borealioribus

161 2253 213 2296 (*)
242 2247 451 2285 Sturhorum
480 2264 609 2294 genere
638 2256 824 2296 proprium
851 2255 1063 2285 catervatim
1090 2253 1213 2285 volare
1240 2256 1277 2284 et
1303 2254 1459 2296 quodam
1487 2254 1581 2296 pilae
1604 2253 1691 2285 orbe
1713 2254 1782 2285 cir-

246 2314 410 2354 cumagi,
452 2314 615 2346 omnibus
656 2315 692 2345 in
730 2313 887 2346 medium
923 2323 1049 2354 agmen
1086 2312 1330 2348 tendentibus.
1394 2310 1474 2347 Plin.
1518 2313 1592 2347 hist.
1626 2321 1696 2348 nat.
1725 2311 1780 2346 X·

246 2381 315 2415 cap.
347 2373 404 2414 24.

1331 2444 1353 2466 o
