2196 2927
367 196 420 238 38
1125 212 1269 221 --·-

366 297 536 339 attoniti
564 308 672 345 sunt,
717 306 762 334 ut
789 309 923 349 neque
953 306 1074 351 capta
1108 296 1153 336 in
1193 294 1345 336 iisdem
1386 294 1518 334 foveis
1547 292 1743 334 animalia
1785 295 2036 345 adoriantur,

365 389 442 414 nec
472 382 712 412 venatorem
738 368 997 424 impugnent.
1058 369 1212 425 Captos
1241 370 1421 424 juniores
1450 369 1600 420 habui,
1645 370 1717 426 qui
1745 371 1887 410 statim
1916 386 2041 411 manu

366 446 532 487 tractari
561 454 766 498 poterant.
824 444 1044 497 Occiditur
1073 444 1196 484 variis
1225 445 1381 495 modis,
1411 445 1518 485 bolis
1535 445 1776 500 praesertim
1791 446 2037 500 butyraceis,

361 521 580 562 sublimato
619 517 822 558 mercurio
851 517 1038 573 repletis,
1083 519 1152 559 vel
1180 520 1466 561 farciminibus
1494 520 1613 560 lactis
1655 521 1723 560 vel
1765 520 1897 561 carnis
1935 534 2041 559 nuce

364 595 527 635 vomica
557 594 748 642 infectae,
780 608 884 648 quae
913 593 1099 634 involuta
1128 595 1231 650 pelli
1261 594 1451 635 animalis
1480 607 1522 635 et
1551 597 1711 636 defossa
1739 595 1850 651 prius
1867 597 2042 635 sermen-

364 682 450 710 tare
480 670 548 710 vel
576 671 726 723 butyro
757 668 880 708 assari
910 670 1078 709 debent.
1137 669 1395 725 Singularem
1412 671 1656 725 praesertim
1672 672 1842 711 modum
1856 669 2043 710 Tscliuk-

361 744 492 785 tschis
533 743 747 793 usitatum,
777 744 822 784 in
850 744 1003 799 spiram
1045 745 1287 785 convolutas
1316 745 1464 799 ligulas
1494 757 1645 791 acutas,
1674 745 1807 800 glacie
1838 747 2040 786 obductas

364 831 406 860 et
435 819 532 860 dein
560 821 710 874 butyro
738 820 954 860 obvolutas
983 819 1026 859 in
1055 820 1151 875 palo
1181 820 1438 875 exponendi,
1470 835 1574 875 quae
1614 819 1724 860 intra
1763 820 2043 861 ventriculum

364 894 453 950 lupi
481 894 650 935 vinculo
679 895 836 935 solutae
868 894 1131 949 explicantur
1159 905 1201 934 et
1229 894 1451 935 ventriculi
1479 897 1608 936 latera
1636 911 1729 936 cum
1760 910 1920 936 summo
1955 894 2038 934 ani-

364 967 483 1007 mahs
513 969 654 1009 dolore
683 969 931 1009 intrinsecus
961 969 1138 1019 fodiunt,
1169 981 1215 1009 ut
1243 971 1382 1024 fugere
1412 982 1611 1026 nequeat,
1643 970 1844 1025 descripsi
1871 970 1916 1010 in
1946 970 2039 1010 Col-

365 1042 547 1083 lectione
574 1045 685 1085 Neue
713 1045 839 1085 Nord.
871 1040 1117 1098 Beytraege‘
1128 1049 1208 1086 vol.
1237 1049 1308 1085 ult.
1339 1045 1514 1086 Cosacci
1537 1045 1581 1084 in
1598 1043 1890 1086 Camtschatca
1913 1043 2043 1084 etiam

366 1115 511 1158 hamos
539 1119 705 1166 ferreos,
736 1134 857 1160 carne
887 1119 1093 1160 inescatos
1122 1119 1232 1160 circa
1260 1120 1406 1160 domus
1436 1119 1559 1160 altius
1586 1121 1861 1175 suspendunt,
1892 1120 2043 1174 quibus

368 1192 609 1232 assultantes
648 1194 737 1248 lupi
766 1209 888 1248 saepe
918 1209 941 1234 e
970 1194 1141 1233 maxilla
1170 1193 1354 1248 suspensi
1384 1194 1614 1249 capiuntur,
1686 1195 1922 1233 Secundum
1959 1209 2041 1234 me-

368 1264 551 1304 dicinam
593 1267 928 1318 Calmuccorum,
970 1268 1111 1322 lingua
1145 1267 1252 1323 Lupi
1288 1269 1456 1323 prodest
1498 1270 1549 1308 ad
1589 1268 1936 1309 inflammationes
1966 1268 2045 1309 lin·

367 1353 485 1393 guae.
516 1366 565 1373 -—
606 1342 675 1381 Ad
716 1341 962 1382 orientalem
990 1344 1206 1383 Oceanum
1247 1345 1391 1383 ardore
1431 1344 1609 1398 praedae
1638 1358 1759 1399 saepe
1789 1343 1833 1383 in
1863 1343 2041 1398 glaciem

367 1413 577 1454 littoribus
606 1416 817 1470 adpulsam
846 1428 1080 1465 excurrunt,
1112 1433 1289 1472 cumque
1318 1433 1366 1458 ea
1394 1417 1588 1473 procellis
1614 1417 1789 1473 abrepti,
1820 1418 1865 1458 in
1890 1418 2042 1458 insulas

369 1500 412 1528 et
439 1489 571 1544 ipsam
606 1490 844 1531 Americam
882 1492 1191 1531 transferuntur.
1251 1492 1318 1532 Sic
1354 1492 1398 1532 in
1428 1492 1581 1534 Curilis
1610 1493 1755 1533 insulis
1785 1493 1924 1541 rarius,
1955 1504 2041 1532 tan-

369 1577 492 1617 quam
520 1565 727 1617 transfuga
754 1564 914 1605 transit.
989 1564 1223 1618 Quotannis
1252 1567 1379 1606 etiam
1407 1582 1482 1622 per
1509 1567 1688 1621 glaciem
1716 1567 1813 1607 freti
1839 1566 2042 1608 Tschukt-

370 1636 500 1678 schici
527 1637 571 1679 in
600 1638 839 1679 Americam
867 1638 1036 1679 horsum
1072 1654 1236 1680 vorsum
1265 1640 1456 1695 migrant.

478 1787 550 1827 No
561 1797 589 1826 t.
648 1788 688 1827 V
685 1792 832 1830 arietas
859 1800 947 1830 tota
976 1794 1105 1844 nigra,
1136 1790 1181 1830 in
1211 1790 1358 1831 Rossia
1374 1790 1590 1840 rarissima,
1625 1790 1734 1831 circa
1759 1793 1931 1829 Kamam
1946 1791 1985 1830 fl.
2002 1802 2046 1830 et

372 1860 415 1900 in
445 1860 616 1909 Sibiria,
658 1864 901 1918 praesertim
938 1865 1134 1905 orientali
1171 1867 1383 1921 frequens,
1426 1881 1551 1920 quam
1581 1865 1742 1921 saepius
1772 1865 1911 1905 vivam
1939 1864 2043 1910 vidi,

374 1946 415 1975 et
445 1939 642 1991 Mosquae
670 1937 714 1978 in
743 1937 1085 1995 theriotrophaeo
1114 1940 1239 1981 villae
1265 1943 1453 1981 Kuskova
1475 1942 1670 1983 Nobiliss.
1700 1943 1870 1980 Comitis
1897 1941 2043 1980 Sche-

373 2013 576 2064 remetef
596 2012 799 2067 integram
827 2014 1047 2065 familiam,
1092 2030 1114 2056 e
1144 2019 1261 2071 Lupo
1290 2016 1408 2071 nigro
1437 2026 1480 2055 et
1506 2030 1608 2056 cane
1631 2026 1894 2071 prognatam,
1925 2018 2043 2071 Lupo

375 2085 634 2138 similiorem,
678 2088 723 2128 in
764 2092 877 2143 cujus
906 2105 1077 2131 nurnero
1121 2091 1248 2131 etiam
1278 2103 1421 2132 natum
1449 2090 1528 2131 fuit
1555 2090 1790 2145 Hybridum
1819 2105 1872 2130 ex
1902 2090 2044 2130 albido

376 2160 481 2216 Lupi
509 2163 660 2212 colore,
691 2164 845 2205 ferocia
873 2164 1024 2216 simile,
1054 2168 1127 2207 sed
1156 2168 1283 2221 figura
1308 2166 1438 2221 magis
1464 2166 1624 2206 canina.
1642 2167 1763 2207 Conf.
1791 2167 1901 2206 Neue
1914 2165 2043 2205 Nord.

375 2236 514 2288 Beytr.
554 2242 634 2278 vol.
676 2239 725 2278 V.
766 2255 806 2294 p.
850 2246 940 2280 255.
1010 2243 1137 2283 Irides
1177 2243 1221 2282 in
1264 2242 1390 2298 Lupis
1426 2241 1554 2296 nigris
1591 2240 2042 2281 cinereo-albicantes.

376 2309 477 2349 Vidi
505 2312 660 2365 pellem
689 2313 795 2368 Lupi
824 2312 932 2366 nigri
962 2315 1155 2365 Ircutiae,
1186 2328 1321 2357 tractu
1348 2318 1488 2357 subtus
1516 2316 1615 2357 inde
1645 2333 1668 2356 a
1696 2317 1790 2369 gula
1818 2312 2042 2367 longitudi-

376 2385 461 2427 nali
491 2385 596 2435 albo,
640 2387 742 2428 villo
770 2388 866 2429 laxo
894 2387 939 2428 in
967 2389 1100 2439 dorso,
1143 2402 1352 2432 caeterum
1380 2391 1509 2438 tenui,
1551 2402 1595 2430 et
1622 2391 1751 2431 cauda
1779 2390 1864 2428 fere
1893 2387 2041 2442 dep-lli,
