2196 2927
425 215 508 243 110
1174 207 1318 232 Ξ

526 309 756 365 Samojedis
784 309 974 362 Artinga.
1031 306 1211 348 Ostiacis
1240 308 1485 362 Chonshang
1513 311 1614 354 wai;
1643 309 1818 363 Vogulis
1833 312 2093 367 Chonshang-

580 389 734 428 sclzour.
795 381 1124 424 Camtschadalis
1153 383 1406 422 Massascha.
1474 383 1666 424 Coraecis
1695 386 1871 426 Kultela.

551 472 597 507 In
628 479 783 507 oceano
812 463 1006 504 orientali
1035 479 1058 503 a
1090 462 1401 504 Camtschatico
1429 463 1570 504 littore
1601 465 1708 504 ultra
1731 466 1883 505 fretum
1904 468 2093 522 Beringii

413 559 541 600 usque
570 540 844 582 in‘arcticum
873 553 1075 578 oceanum
1103 538 1294 592 frequens
1324 548 1405 587 est,
1453 538 1687 594 iterumque
1717 538 1761 580 in
1791 541 1895 580 mari
1925 542 2020 581 albo
2051 553 2093 582 et

414 634 571 663 oceano
615 614 873 671 Lapponiam
903 624 944 652 et
974 613 1255 668 Spitsbergam
1284 613 1464 653 alluente
1494 615 1695 664 abundat,
1740 626 1782 655 et
1824 615 1992 671 copiose
2030 632 2092 657 ca-

411 697 550 752 pitur,
607 702 775 748 propter
816 689 927 729 coria
970 689 1056 729 lora
1099 687 1321 728 fortissima
1362 688 1479 743 operi
1521 689 1791 730 curriculario
1833 691 2090 746 praebentia.

415 773 554 812 Catuli
581 768 736 807 vellere
765 764 940 818 largiore
969 762 1131 812 vestiti,
1161 763 1285 817 plane
1313 763 1505 811 candidi,
1540 764 1804 819 pellitoribus
1834 764 2019 805 serviunt
2050 777 2092 806 et

414 846 523 901 apud
550 838 1026 895 Archangelopolitanos
1052 838 1184 893 pelles
1213 852 1355 877 eorum
1392 838 1698 891 elegantissime
1727 840 1942 895 tinguntur
1970 839 2091 894 nigro

413 922 575 969 colore,
606 929 651 957 ut
688 918 786 955 fiant
815 913 950 953 Lutris
979 911 1234 952 simillimae.
1293 912 1632 954 Camtschadales
1661 925 1703 954 et
1737 915 1964 954 insularum
2000 929 2089 955 ver-

411 1012 475 1037 sus
504 992 744 1034 Americam
771 990 934 1029 incolae
963 989 1124 1028 evulsos
1153 987 1261 1042 pilos
1291 987 1429 1027 radice
1459 988 1560 1041 galii
1589 989 1818 1029 ruben-imo
1842 990 1981 1029 colore
2011 989 2092 1028 tin-

409 1081 529 1118 erunt,
582 1067 735 1108 deinde
766 1064 902 1105 nervis
931 1063 975 1102 in
1005 1062 1186 1103 fimbrias
1216 1062 1525 1117 elegantissime
1556 1074 1759 1104 consuunt
1787 1078 1863 1118 pro
1893 1062 2090 1104 ornandis

407 1103 432 1126 υ

412 1145 594 1187 vestibus
624 1140 846 1197 praecipue
877 1138 1111 1183 mulierum.

546 1299 718 1338 Descr.
775 1292 1022 1348 Magnitudo
1052 1290 1360 1346 praecedentis,
1395 1304 1474 1345 qua
1498 1290 1633 1330 minus
1655 1289 1906 1340 ventricosa,
1962 1292 2094 1331 forma

412 1372 550 1415 trunci
579 1371 709 1426 magis
739 1370 1016 1425 cylindracea.
1082 1368 1215 1420 Caput
1246 1365 1379 1404 minus
1410 1380 1533 1419 quam
1571 1364 1646 1405 Ph.
1691 1365 1914 1416 vitulinae,
1958 1377 2091 1406 rostro

413 1449 617 1505 producto
647 1445 793 1486 latiore
837 1454 878 1483 et
921 1441 1196 1496 depressiore,
1240 1440 1482 1494 praesertim
1532 1439 1653 1480 labiis
1684 1442 1735 1480 ad
1765 1441 1895 1480 latera
1925 1440 2092 1489 crassis,

413 1522 680 1564 tumentibus.
740 1521 779 1559 V
777 1533 915 1559 erruca
943 1515 1226 1556 infraocularis
1258 1514 1401 1554 biseta.
1459 1516 1670 1568 ZVIystaces
1699 1515 1964 1564 creberrimi,
2003 1517 2094 1555 bre-

413 1598 568 1646 viores,
607 1594 836 1641 tenuiores,
880 1605 1009 1646 usque
1041 1591 1093 1630 ad
1122 1604 1265 1628 nasum
1294 1588 1443 1643 sparsi,
1488 1593 1583 1628 sctis
1626 1603 1709 1628 non
1739 1589 1975 1639 undulatis,
2020 1591 2093 1630 sed

415 1670 677 1727 aequalibus,
720 1667 876 1724 planis,
921 1662 1187 1719 ancipitibus.
1258 1666 1345 1702 Hae
1376 1662 1419 1702 in
1449 1662 1596 1703 catulis
1634 1662 1767 1704 niveis
1815 1666 2093 1704 corneo-fus-

413 1757 643 1793 cescentes,
673 1744 718 1783 in
750 1741 900 1782 adultis
929 1738 1368 1780 flavescente-fuscae.
1438 1739 1605 1779 Palmae
1646 1737 1915 1793 proportione
1959 1739 2090 1778 mino-

415 1838 497 1871 res,
541 1835 663 1875 quam
704 1817 867 1858 Phocae
897 1815 1091 1863 caninae,
1131 1812 1273 1868 digitis
1305 1812 1656 1867 aequabilior-ibus
1677 1823 1916 1852 *extrorsum
1945 1829 2092 1868 parum

416 1895 672 1951 longioribus
716 1892 1001 1947 unguibusque
1045 1887 1289 1929 minoribus.
1356 1889 1527 1928 Plantae
1556 1887 1705 1927 itidem
1734 1888 1857 1941 longe
1889 1887 2089 1936 minores,

413 1987 491 2012 nec
520 1972 720 2018 furcatae,
766 1969 837 2008 sed
867 1964 1121 2021 expansione
1169 1963 1378 2017 aequaleS,
1424 1962 1628 2016 unguibus
1658 1962 1809 2002 itidem
1840 1961 2084 2002 minoribus.

413 2047 558 2088 cauda
586 2045 717 2085 multo
746 2041 938 2098 pilosior,
983 2041 1091 2079 unde
1121 2037 1387 2078 teretiuscula
1419 2048 1609 2092 apparet,
1655 2052 1796 2077 revera
1839 2047 1978 2076 tamen
2022 2037 2090 2076 de-

414 2136 552 2177 presso
583 2134 746 2174 anceps.
811 2119 922 2158 Ρίῖαὸ1
951 2115 1113 2154 adultae
1159 2112 1407 2167 aequabilis,
1452 2112 1666 2161 unicolor,
1711 2113 1878 2151 flavens.
1952 2113 2090 2151 Catuli

358 2196 364 2209 ‘
415 2197 569 2236 vellere
599 2193 771 2242 laxiori,
802 2191 1029 2239 teneriore,
1073 2187 1357 2237 molliuseu10‚
1402 2186 1559 2239 nitido,
1603 2186 1682 2228 toti
1723 2186 1840 2227 nivei
1874 2185 2087 2228 candoris.

414 2272 484 2311 An
512 2269 595 2312 huc
622 2268 699 2311 Ph.
728 2266 896 2322 hispida
933 2264 1202 2307 Schreber?
