2196 2927
846 166 990 190 ---,-,-
1679 167 1691 192 1
1710 166 1759 204 19

91 268 266 323 rigidius
296 284 419 325 quam
450 272 618 315 Lutrae,
661 282 781 324 supra
822 279 947 313 cano,
990 264 1128 303 subtus
1159 263 1640 318 pallido-argentatum,
1686 277 1760 318 per

91 345 257 384 dorsum
287 343 667 399 longitudinaliter‚
699 359 723 382 a
751 340 888 395 capite
904 339 954 378 ad
978 338 1151 377 caudam
1170 338 1587 387 fusco-nebulosum,
1620 339 1761 378 obum-

90 418 306 460 brantibus
335 419 516 475 pilorum
545 416 732 472 apicibus
761 411 1055 460 discoloribus,
1087 410 1213 451 canis.
1288 413 1412 452 Pedes
1442 413 1634 468 utrinque
1663 412 1762 468 pilis

93 492 283 547 rigidulis
313 493 475 541 vestiti,
519 488 823 546 pallido-albi.
893 487 1121 541 Longituclo
1163 485 1286 540 pellis
1318 503 1339 525 a
1369 502 1528 527 summo
1570 503 1668 528 naso
1711 488 1763 528 ad

94 583 216 608 anum
248 585 268 608 2
300 569 395 623 ped.
426 565 549 606 Paris.
580 566 735 606 caudae
771 570 824 603 1''.
856 568 925 604 6¹²².
954 563 1185 617 palmarum
1222 560 1390 601 circiter
1421 564 1477 601 δ”.
1509 564 1577 601 6‘'‘.
1608 577 1761 616 ungues

94 643 177 682 fere
207 642 445 698 pollicares;
474 641 709 696 plantarum
738 639 797 689 4¹².
829 639 897 679 6⁰².
927 636 1074 691 unguis
1104 634 1279 675 maximi
1310 634 1379 687 7‘''.
1437 634 1647 676 Distantia
1671 652 1763 676 ocu-

94 716 228 757 lorum
258 732 280 756 a
309 731 408 757 naso
445 717 497 756 1¹².
534 717 625 755 10²⁰,
656 728 800 755 eorum
829 723 1016 767 apertura
1047 713 1115 762 9'‘'.
1146 709 1345 750 distantia
1381 720 1538 750 meatus
1568 710 1764 750 auditorii

92 792 143 832 ab
158 791 309 831 iisdem
330 792 468 841 1‘'.4'''.
525 791 762 832 Adustis.-
790 788 918 828 Irides
932 788 1161 834 brunneae,
1193 786 1307 825 fusco
1324 786 1603 826 adumbratae.
1665 786 1760 826 Cor-

94 881 168 921 pus
195 881 319 922 supra
348 866 521 906 maculis
550 864 673 905 fuscis
704 862 922 912 obsoletis,
968 877 1064 902 cum
1090 860 1345 901 intermixtis
1374 859 1603 900 minoribus
1631 859 1765 915 spadi-

92 940 197 989 ceis,
228 941 367 982 subtus
396 941 569 981 maculis
598 938 886 994 subquadratis
915 936 1082 993 sparsis,
1113 936 1299 976 obsolete
1323 934 1534 984 testaceis,
1566 936 1639 976 sub
1654 935 1767 976 collo

93 1014 382 1057 crebrioribus.
441 1017 481 1057 V
479 1019 579 1058 ellus
606 1014 806 1064 nitidum,
845 1011 1050 1069 prolixius
1079 1025 1203 1067 quam
1231 1010 1276 1052 in
1305 1010 1381 1052 Ph.
1410 1010 1572 1052 canina.

715 1260 1140 1313 ORDOIL

459 1375 1407 1451 SEMIFERAE.

228 1616 405 1668 Abjecta
434 1612 550 1654 omni
578 1623 881 1669 praeconcepta
910 1610 1109 1666 opinione
1137 1610 1181 1652 in
1210 1610 1414 1651 familiam
1438 1610 1624 1666 apprime
1650 1621 1765 1650 natu-

92 1688 246 1737 talem,
298 1688 403 1728 serie
447 1687 659 1728 affinitatis
701 1702 783 1727 non
825 1686 1055 1741 interrupta
1097 1685 1320 1726 cohaerere
1362 1686 1558 1726 videntur
1594 1699 1764 1739 genera:

91 1764 328 1812 Simiarum,
372 1765 605 1809 Lemurum,
650 1764 1002 1816 Vespertilionum,
1046 1762 1155 1816 apud
1184 1763 1456 1800 Limnaeum
1497 1763 1666 1814 ejusque
1708 1775 1766 1798 as-

92 1838 221 1877 seclas
259 1838 485 1878 Primatum
514 1837 683 1877 nomine
721 1837 898 1884 seclusa,
941 1850 1036 1875 cum
1077 1834 1129 1875 iis
1171 1836 1481 1891 Didelphidum,
1530 1835 1767 1888 Talparum,

95 1912 279 1952 Sericum
322 1923 445 1967 atque
486 1914 794 1958 Erinaceorum‚
838 1912 888 1951 ab
932 1911 1081 1950 eodem
1123 1909 1212 1950 sine
1242 1911 1329 1951 ullo
1359 1909 1501 1950 stabili
1530 1907 1770 1950 charactere

94 1988 289 2026 Ferarum
331 1986 470 2028 ordini
511 1986 806 2026 adnumeratis.
877 1985 945 2025 Sic
989 1985 1137 2025 saltem
1178 1984 1287 2025 mihi
1329 1999 1493 2039 semper
1533 1983 1773 2023 institutum

94 2062 279 2100 Naturae
309 2061 442 2101 visum
471 2072 545 2101 est.
603 2061 892 2101 continuitate
922 2060 1036 2099 enim
1066 2061 1263 2108 dentium,
1302 2073 1474 2098 numero
1504 2062 1719 2098 incisorum
1748 2072 1772 2096 a

96 2134 275 2174 ferarum
303 2135 450 2175 ordine
479 2150 642 2190 semper
671 2134 954 2183 discordante,
984 2138 1138 2173 caninis
1168 2132 1302 2172 minus
1332 2131 1554 2186 elongatis,
1594 2132 1772 2186 plerum-

96 2223 177 2263 que
207 2223 289 2249 uno
319 2209 503 2249 alterove
544 2214 680 2263 spurio
724 2208 905 2263 stipatis,
951 2208 1098 2262 pedum
1138 2207 1528 2261 pentadactylorum
1570 2217 1773 2246 structura

95 2282 323 2323 multifaria
360 2294 403 2323 et
439 2282 658 2338 singulari,
701 2285 991 2323 clavicularum
1019 2281 1296 2336 perfectarum
1324 2281 1369 2321 in
1399 2282 1554 2322 sceleto
1584 2295 1772 2337 praesen-

93 2358 172 2405 tia,
211 2368 383 2412 totoque
419 2357 594 2407 indolis,
642 2372 821 2406 morum,
866 2357 999 2397 victus
1040 2368 1083 2397 et
1126 2355 1294 2396 habitus
1335 2356 1579 2412 complexu,
1626 2367 1775 2397 cuncta
