2196 2927
1196 240 1341 247 *-

444 221 526 265 198

575 325 726 364 Nota.
785 322 898 376 Quos
935 320 1025 362 vidi
1062 333 1179 362 erant
1221 322 1392 364 omnino
1433 320 1552 363 helvi
1594 321 1766 373 coloris,
1810 324 1912 365 villo
1955 325 2110 381 ubique

439 398 672 455 subcrisp03
703 397 844 452 jugulo
874 397 987 437 villis
1017 399 1247 451 subjubato.
1306 401 1415 440 Calli
1436 400 1487 438 ad
1509 413 1642 453 genua
1665 399 1819 453 pedum
1842 400 2111 454 posticorum,

439 475 600 524 antice,
633 475 685 514 ad
714 472 847 514 cubiti
877 472 1099 513 articulum
1128 473 1171 513 in
1200 473 1473 514 anterioribus
1503 473 1682 530 postice,
1717 475 1767 513 ad
1798 476 2024 515 eorundem
2052 491 2110 516 se-

437 551 619 591 cundum
649 549 869 590 articulum
900 563 969 588 seu
997 562 1105 602 genu
1135 549 1293 600 amice,
1332 561 1373 590 et
1403 550 1476 590 sub
1507 549 1677 605 gibbere
1708 549 1850 589 sterni.
1908 551 2025 590 Penis
2054 564 2112 590 re-

436 638 662 673 troversus,
691 636 737 665 ut
764 624 807 664 in
834 624 1122 680 praecedenti,
1165 627 1237 665 sed
1266 625 1439 680 erigitur
1468 636 1709 665 antrorsum.
1780 625 1907 680 Apud
1948 624 2105 665 Bocha-

435 717 501 743 ros
530 700 756 757 hybridam
795 699 1039 755 progeniem
1067 714 1089 739 e
1119 701 1330 740 Dromade
1367 711 1410 740 et
1446 704 1615 740 Baetro'
1638 700 1874 755 frequentes
1915 699 2031 741 nasci
2071 710 2113 741 et

437 776 584 830 majori
613 791 700 817 esse
729 775 772 815 in
801 773 938 832 pretio
967 773 1155 828 prodidit
1185 776 1269 815 Cel.
1300 776 1426 816 Falla
1463 779 1568 829 (itin.
1598 777 1673 815 III.
1703 793 1744 831 p.
1775 779 1888 827 511.)

844 947 1045 999 XXIV.
1128 947 1709 999 MOSCHUS.

566 1111 630 1147 De
662 1106 743 1149 hoc
774 1122 925 1163 genere
954 1107 1126 1148 omnino
1164 1108 1271 1149 eihil
1311 1108 1539 1150 dicendum
1568 1107 1727 1158 habeo,
1770 1123 1895 1163 quam
1923 1123 2029 1164 quae
2059 1110 2112 1149 de

429 1184 551 1224 unica
581 1186 666 1237 ejus
697 1183 856 1238 specie,
900 1183 944 1223 in
983 1183 1134 1223 Sibiria
1163 1184 1391 1239 inquilina,
1439 1185 1484 1224 in
1534 1185 1721 1225 absoluta
1749 1184 1938 1237 ejusdem
1968 1185 2110 1226 Mono-

424 1260 603 1313 graphia
633 1260 962 1312 (Spicilegiomm
990 1259 1106 1298 Zool.
1137 1260 1254 1298 Fasc.
1284 1261 1420 1312 XIII.)
1459 1258 1572 1300 dicta
1600 1269 1706 1298 sunt.

438 1383 456 1413 v1
472 1383 491 1413 i
508 1380 543 1421 7.
603 1370 704 1412 Mo
718 1370 744 1410 S
757 1366 795 1413 C
809 1369 853 1411 H
866 1369 944 1411 US
983 1364 1276 1427 mosclziserus.
1309 1370 1438 1412 TAB.
1461 1370 1585 1412 XIV.
1599 1367 1681 1424 fig.
1709 1383 1750 1414 I.
1788 1369 1905 1416 Mas,
1931 1362 2107 1427 2foem.

564 1465 624 1502 M.
656 1460 844 1501 folliculo
874 1461 1128 1510 umbilicali,
1160 1462 1291 1501 cauda
1318 1472 1521 1502 truncata.

645 1535 844 1577 Moschus
875 1535 1168 1586 moschiferus,
1200 1539 1287 1577 Lin.
1320 1539 1427 1591 lzyst.
1460 1539 1553 1577 XII.
1583 1539 1616 1576 I.
1646 1554 1685 1592 p.
1716 1554 1777 1589 91.
1812 1551 1871 1591 sp.
1911 1554 1941 1575 1.
1972 1537 2107 1576 Sclzre-

700 1613 780 1652 ber.
811 1616 1018 1653 mammal.
1051 1614 1099 1652 V.
1130 1613 1213 1652 tab.
1247 1621 1337 1661 242.

642 1686 814 1727 Animal
844 1686 1164 1734 moschiferum,
1201 1688 1372 1728 Gmelin.
1402 1691 1522 1741 (sen.)
1565 1689 1670 1729 Nov.
1701 1690 1815 1729 Com.
1846 1688 2004 1741 Petrop.
2034 1687 2105 1726 IV.

699 1777 796 1816 pag.
829 1769 921 1812 393.

645 1835 865 1883 Moschus,
896 1838 1000 1877 Palz.
1031 1838 1169 1892 Spicil.
1198 1838 1315 1878 Zool.
1345 1839 1461 1877 XIII.
1499 1838 1582 1877 cab.
1613 1846 1651 1887 4.
1683 1845 1719 1880 5.
1752 1844 1789 1877 6.

642 1914 845 1967 Tragulus
875 1910 1088 1961 Moschus,
1120 1913 1298 1953 Brisson.
1329 1914 1472 1968 quadr.
1512 1929 1550 1968 p.
1584 1919 1648 1965 67.
1679 1928 1739 1967 sp.
1771 1919 1808 1954 5.

643 1990 783 2035 Musc,
813 1989 974 2040 Buffon.
1007 1990 1099 2028 hist.
1128 1998 1210 2028 nat.
1241 1989 1336 2028 XII.
1375 2005 1414 2044 p.
1446 1996 1537 2030 361.
1567 1991 1736 2044 suplem.

642 2062 948 2110 Tibet-Musk,
976 2064 1168 2104 Ρεηηαηε.
1198 2078 1290 2117 syn.
1320 2079 1416 2119 pag.
1454 2082 1539 2104 112.
1580 2081 1617 2105 n.
1649 2072 1713 2115 54.
1744 2063 1828 2104 tab.
1866 2078 1925 2102 10.
1945 2050 2030 2117 fig.
2070 2079 2100 2102 ι.

697 2139 814 2179 Zool.
845 2148 944 2178 arch.
973 2140 1005 2177 I.
1034 2154 1074 2195 p.
1107 2146 1172 2189 34.

533 2212 675 2254 Rossis
704 2213 749 2253 in
780 2213 932 2254 Sibiria
962 2215 1012 2254 ad
1041 2214 1247 2255 Jeniseam
1277 2215 1523 2269 Kabmghiz,
1560 2214 1604 2254 in
1632 2212 1905 2255 orientalibus
1934 2213 2072 2266 Saiga.

533 2288 696 2329 Tataris
726 2289 777 2329 ad
805 2288 1012 2329 Jeniseam
1040 2290 1256 2344 Tabargiz,
1287 2291 1354 2330 vel
1376 2292 1654 2347 Jufarle-sz'k
1685 2287 1872 2343 (Moschi
1907 2286 2076 2339 animal)
2087 2304 2098 2334 ;

588 2365 703 2415 Jufar
731 2363 947 2405 moschum
977 2376 1018 2406 et
1050 2364 1132 2405 alia
1162 2366 1350 2421 graviora
1386 2367 1656 2407 odoramenta
1685 2364 1907 2418 significem
1944 2361 2098 2401 Jacutis

590 2438 741 2492 δαῐὸἃῑ
779 2441 1043 2483 Casiensibus
1072 2440 1234 2482 Tataris
1267 2443 1442 2496 Toorgb.
1500 2439 1710 2494 Mongolis
1738 2437 1892 2478 Kude‘rz·
1920 2436 1987 2475 vel
2016 2437 2098 2476 Ku-
