2196 2927
871 184 1014 210 a
1696 182 1781 225 243

126 285 191 326 lae
221 285 350 342 paulo
379 285 576 326 minores.
600 310 653 317 —
691 285 852 326 Comua
887 283 952 324 bis
988 284 1094 323 flexa
1123 292 1166 323 et
1194 295 1375 331 arcuata,
1419 283 1605 340 apicibus
1631 294 1795 338 tergum

115 361 366 416 spectantia,
416 361 487 417 qui
530 361 683 401 distant
733 363 775 400 1‘.
816 359 875 408 4⁰.
920 359 1019 398 dum
1057 372 1171 398 arcus
1201 362 1376 411 rnaJ'ores
1408 362 1454 399 2'.
1485 363 1544 409 4⁰.
1575 359 1791 400 distarent.

116 437 354 491 LongsstudO
382 436 508 476 totius
539 434 730 474 animalis
760 450 782 474 a
813 447 972 473 summo
1002 447 1100 473 naso
1131 434 1183 473 ad
1212 448 1335 472 anum
1378 450 1419 473 10
1451 436 1605 489 pedum
1634 442 1656 475 3
1686 432 1789 488 poll.

116 512 267 566 capitis
309 513 361 552 ad
405 509 585 550 nucham
630 509 675 548 2'.
708 512 766 549 δ”.
814 507 915 548 colli
964 508 1006 547 ι’.
1038 508 1095 549 δ”.
1133 508 1287 548 teneris
1324 509 1478 548 caudae
1510 512 1556 548 2'.
1594 508 1714 549 flocci
1743 508 1790 547 in

117 587 237 642 apice
276 591 316 626 1‘.
352 588 410 635 4²2
441 583 638 623 Altitudo
670 583 863 623 animalis
894 599 916 623 a
946 582 1063 638 spina
1102 583 1281 623 anterius
1323 594 1365 623 et
1404 582 1565 638 postice
1607 582 1790 638 aequalis

113 667 136 703 6
167 661 349 717 pedali-s,
381 674 463 714 quo
493 658 605 698 enim
636 658 758 698 altius
789 658 949 698 eminet
984 659 1106 698 tuber
1142 659 1374 714 scapulare,
1419 669 1690 713 compensant
1719 673 1789 712 po-

113 736 211 777 stici
241 737 369 791 pedes
398 734 670 789 proceriores.
730 734 927 774 Altitudo
955 733 1139 774 thoracis
1179 736 1226 775 3‘.
1263 735 1342 773 10''.
1381 733 1536 773 ventris
1573 734 1625 773 ad
1654 731 1790 772 thora-

112 826 202 852 cem
233 813 280 852 3¹.
313 816 370 850 2⁰.
402 811 453 849 ad
484 809 654 865 inguina
686 810 733 849 2‘.
763 813 822 850 δ”.
855 809 954 850 colli
985 810 1035 848 ad
1066 819 1190 866 caput
1226 810 1268 849 ι’.
1300 810 1358 850 δ”.
1389 810 1439 849 ad
1471 823 1604 849 armos
1627 818 1791 863 praeter

112 886 342 942 pendulum
372 885 513 940 palear
545 888 590 925 2'.
624 887 680 926 2²².
712 885 861 940 capitis
892 887 943 925 ad
971 884 1140 939 angulos
1162 884 1360 925 maxillae
1398 887 1441 923 ι’.
1470 883 1593 924 rostri
1623 888 1681 923 δ”.
1706 886 1793 935 ejus

113 961 294 1000 latitudo
324 961 385 1001 δ”.
430 959 643 999 Distantia
666 961 881 1001 oculorum
910 963 951 999 ι’.
978 961 1037 1000 δ”.
1062 974 1260 999 cornuum
1286 958 1374 999 basi
1397 964 1438 998 ι’.
1456 959 1614 999 aurium
1642 963 1684 998 ι’.
1717 976 1727 996 1
1744 958 1796 997 1“.

115 1036 218 1076 colli
248 1046 503 1074 transversus
532 1036 739 1075 diameter
772 1037 851 1075 10⁰.
883 1034 1010 1075 sterni
1041 1033 1151 1074 inter
1180 1050 1312 1075 armos
1343 1036 1398 1076 δ’(
1439 1034 1596 1074 ventris
1627 1033 1798 1089 b⁷peda-

115 1110 178 1151 lis.
264 1110 618 1151 Circumferentia
674 1110 824 1165 capitis
881 1109 1063 1149 maxima
1113 1110 1218 1149 ultra
1263 1115 1311 1152 5'.
1355 1125 1554 1150 cornuum
1598 1110 1649 1148 ad
1693 1107 1800 1148 radi-

113 1200 207 1225 cem
245 1190 286 1224 1'.
326 1187 378 1224 1'‘.
408 1211 462 1216 —-
502 1188 635 1226 {illus
674 1185 857 1224 subfulvi
894 1184 1083 1238 fuscique
1123 1185 1292 1233 coloris,
1337 1186 1381 1225 in
1415 1196 1564 1225 trunco
1599 1184 1802 1224 cruribus·

109 1274 195 1316 que
225 1270 364 1299 curtus
393 1270 435 1299 et
465 1258 645 1299 strictus.
716 1260 852 1314 Caput
889 1273 1008 1305 verO,
1053 1270 1217 1314 praeter
1245 1271 1422 1299 rostrum
1452 1270 1494 1298 et
1524 1274 1662 1299 aream
1693 1257 1801 1299 orbi-

112 1335 241 1376 talem
270 1345 315 1374 et
344 1335 500 1375 collum
529 1349 623 1374 cum
652 1333 791 1374 antica
822 1345 939 1390 parte
969 1333 1175 1383 thoracis,
1221 1333 1334 1374 villis
1365 1335 1450 1373 fere
1480 1333 1699 1389 pedalibus
1729 1349 1802 1374 un·

114 1410 242 1465 dique
274 1409 465 1459 horrida,
497 1410 681 1451 maxime
712 1421 862 1449 vertex
895 1409 1003 1449 circa
1034 1425 1149 1449 aures
1180 1406 1284 1449 villo
1315 1410 1399 1449 fere
1440 1409 1618 1450 latentes
1657 1421 1698 1450 et
1728 1426 1800 1451 nu-

113 1484 215 1534 cha,
263 1486 450 1540 itemque
486 1487 560 1525 sub
599 1485 692 1539 gula
723 1496 764 1523 et
802 1484 845 1524 in
883 1485 1060 1539 paleari,
1106 1484 1177 1524 ubi
1206 1484 1285 1539 pili
1313 1485 1532 1539 rigidiores
1562 1487 1713 1526 barbae
1741 1490 1801 1540 ju-

114 1561 278 1615 baeque
307 1561 436 1600 instar
466 1561 720 1615 dependent.
778 1558 916 1598 Villus
932 1558 994 1599 ibi
1016 1559 1216 1598 extremis
1232 1559 1406 1613 rigidior
1422 1561 1471 1598 ad
1488 1570 1611 1607 setas,
1644 1560 1732 1599 basi
1748 1562 1801 1601 ad

123 1638 262 1675 lanam
283 1635 554 1675 tenerrimam
577 1634 758 1674 mollitie
781 1635 960 1674 accedit:
993 1634 1246 1687 longiorista
1263 1650 1354 1689 pars
1374 1633 1506 1674 dilute
1530 1635 1662 1680 fusca,
1692 1633 1801 1675 haec

120 1709 262 1750 lanosa
278 1710 436 1750 cinerei
455 1711 521 1749 vel
538 1709 677 1764 grysei
693 1720 780 1749 erat
803 1707 968 1749 coloris.
1026 1713 1132 1749 Urus
1157 1720 1293 1749 aetate
1317 1714 1396 1761 jam
1422 1721 1642 1764 provectus
1672 1709 1714 1749 in
1737 1724 1801 1750 ca-

121 1783 212 1839 pite
230 1796 271 1824 et
289 1786 454 1825 cervice
470 1786 730 1825 canescebat.
790 1783 911 1824 Circa
934 1785 1195 1840 praeputium
1218 1785 1344 1824 etiam
1361 1795 1402 1823 et
1424 1784 1467 1822 in
1490 1786 1644 1824 caudae
1670 1787 1801 1826 flocco

116 1859 195 1914 pili
225 1860 354 1915 longi.
369 1886 424 1892 --
453 1859 607 1902 Odoris
629 1859 831 1900 moschati
846 1891 855 1909 ,
886 1859 959 1915 qui
981 1859 1142 1901 nomini
1164 1860 1342 1900 Bisontis
1360 1874 1499 1899 ansam
1521 1860 1683 1900 dedisse
1697 1859 1801 1901 dici-

116 1945 201 1983 tur,
239 1936 399 1975 nullum
436 1935 672 1990 vestigium.

259 2011 425 2050 Vacca
463 2011 539 2051 Uri
580 2010 717 2065 capite
748 2025 903 2059 crasso,
935 2012 1047 2051 collo
1078 2010 1215 2058 brevi,
1254 2009 1418 2050 auribus
1447 2008 1644 2063 hispidis,
1673 2010 1802 2050 barba

119 2085 298 2139 jubaque
323 2084 566 2139 spithamali
590 2098 632 2125 et
658 2087 797 2126 colore
821 2085 916 2125 villi
942 2086 1054 2125 fusco
1079 2096 1121 2124 et
1150 2085 1340 2124 subfulvo
1363 2084 1464 2123 mari
1490 2084 1652 2124 similis.
1712 2085 1802 2124 Dif-

122 2162 200 2200 fert
237 2174 408 2215 corpore
446 2159 581 2199 minus
609 2161 796 2208 robusto,
838 2158 961 2198 armis
993 2170 1035 2198 et
1067 2158 1238 2199 thorace
1269 2158 1404 2198 minus
1432 2159 1580 2206 vastis,
1609 2158 1804 2199 cornibus

123 2235 352 2276 minoribus
383 2245 424 2274 et
456 2233 736 2282 brevioribus,
767 2233 989 2289 capiteque
1017 2244 1057 2273 et
1082 2234 1212 2283 collo,
1246 2233 1279 2273 si
1308 2234 1446 2286 jubam
1481 2234 1656 2275 cervicis
1679 2245 1803 2289 atque

127 2311 280 2351 barbae
307 2309 514 2365 excipias,
544 2307 656 2348 haud
680 2310 783 2349 adeo
808 2308 933 2350 hirto.
992 2310 1229 2366 Longitudo
1253 2313 1340 2365 ejus
1369 2321 1458 2351 tota
1486 2328 1510 2364 7
1540 2311 1636 2367 ped.
1666 2310 1804 2350 altitu·

124 2387 177 2426 do
207 2387 256 2436 4'.
289 2387 347 2437 9''.
378 2384 560 2426 thoracis
591 2384 768 2426 altitudo
800 2388 846 2426 2‘.
876 2388 944 2426 δ”.

1349 2465 1374 2490 ιι
