2196 2927
364 173 457 223 ·546
1144 178 1288 201 ··-·=-··

373 296 452 337 que
481 280 625 336 pineta
654 289 696 319 et
725 278 910 319 betuleta
938 277 1112 326 dantur,
1144 276 1336 328 frequens
1365 286 1448 323 est,
1480 274 1634 330 hyeme
1664 291 1710 316 ac
1741 287 1915 326 aestate,
1954 278 2040 333 ple·

373 370 545 410 rumque
576 353 785 401 solitaria3
817 354 899 392 Sed
927 350 1180 406 rigidissimo
1211 350 1306 404 gelu
1340 362 1613 405 congregatae
1645 353 1696 391 ad
1724 366 1849 406 pagos
1878 363 1920 392 et
1949 352 2040 392 hor-

369 445 438 469 rea
467 431 684 470 accedunt.
756 426 980 468 Hominem
1024 442 1107 466 non
1136 425 1299 466 timent.
1369 426 1562 466 Picorum
1602 425 1731 466 instar
1758 426 1802 465 in
1832 426 2042 467 arboribus

368 515 535 560 reptant
558 536 566 550 ‚
608 503 808 558 brevique
839 514 881 542 et
910 502 1165 542 subsultante
1196 501 1336 541 volatu
1366 517 1418 541 ex
1448 516 1528 540 una
1557 501 1600 540 in
1632 502 1804 541 alteram
1834 502 2042 550 feruntur,

369 593 517 619 vocem
547 580 719 619 edentes
749 593 842 618 cum
873 577 1047 617 stridore
1078 575 1272 626 sibilam,
1315 576 1560 625 unisonam,
1606 577 1850 631 abruptam,
1895 590 2041 615 raram.

370 655 537 695 Caveae
588 653 769 693 inclusus
812 651 965 692 dormit
1007 666 1126 705 supra
1166 651 1233 689 vel
1264 654 1314 690 ad
1356 651 1460 691 latus
1503 665 1748 706 suspensus,
1805 661 2041 691 transverso

369 743 541 784 corpore
561 760 570 778 ,
603 729 768 767 deflexo
798 726 949 780 capite.
1008 725 1154 764 cauda
1183 739 1267 764 non
1296 725 1516 775 innititur,
1546 737 1592 765 ut
1620 725 1723 765 Pici.
1783 728 1891 765 Ictus
1921 724 2042 765 rostri

365 803 525 843 debiles
554 814 595 842 et
624 801 808 841 imbellis
851 801 1020 840 animus.
1095 798 1290 838 Latebras
1321 812 1430 839 amat
1459 811 1501 839 et
1540 799 1793 839 dexterrime
1839 798 2043 853 angustias

365 889 599 933 perreptat,
632 876 790 916 araneis
820 875 1063 931 praesertim
1092 873 1273 914 inhians.
1333 873 1540 915 Cannabis
1571 873 1801 913 seminibus
1827 874 1940 914 haud
1961 873 2044 913 illi·

364 954 511 992 benter
542 951 734 992 vescitur.
806 950 961 990 Martio
997 949 1211 1005 pruriunt,
1256 960 1427 1004 tumque
1470 948 1772 1003 frequentiores
1818 959 2042 1003 apparent,

367 1027 484 1082 quasi
524 1027 799 1081 migraturae,
842 1036 884 1065 et
915 1025 1078 1065 vocales
1110 1023 1241 1078 magis
1269 1036 1376 1064 sunt.
1450 1024 1637 1064 Buraetis
1681 1036 1722 1063 et
1751 1022 1956 1078 T'ungusis
1986 1038 2043 1063 sa-

364 1117 433 1141 cra
464 1101 575 1151 avis,
623 1117 746 1157 quam
775 1100 860 1141 illis
890 1101 1003 1140 nefas
1035 1098 1242 1140 occidere.
1316 1101 1397 1139 Sed
1427 1099 1461 1139 si
1492 1114 1587 1139 casu
1617 1110 1856 1148 mortuum,
1894 1098 1962 1137 vel
1993 1098 2046 1137 ab

365 1176 448 1217 alio
477 1183 661 1217 occisum
692 1176 955 1232 acceperint,
997 1174 1193 1214 dicuntur
1240 1189 1387 1229 corpus
1430 1174 1606 1228 fuligine
1638 1185 1680 1214 et
1709 1187 1893 1214 cremore
1924 1170 2045 1211 lactis

365 1252 571 1307 repletum
603 1263 644 1291 et
674 1251 864 1291 betulino
894 1253 1049 1291 cortice
1079 1250 1323 1289 obvolutum
1352 1249 1446 1288 loco
1476 1249 1614 1288 calido
1644 1262 1830 1294 servare,
1860 1257 1904 1286 ut
1934 1261 2044 1286 com-

366 1337 603 1380 putrescat,
648 1341 726 1380 qua
756 1326 909 1364 deinde
952 1323 1204 1379 putrilaginc
1235 1322 1430 1362 inunctae
1474 1322 1648 1375 sagittae
1679 1321 1840 1376 septico
1878 1334 2042 1360 veneno

365 1401 525 1456 pollere
556 1399 771 1446 dicuntur,
803 1399 861 1438 ita
890 1396 1125 1453 praesenti,
1158 1408 1202 1436 ut
1231 1412 1357 1452 parvo
1387 1397 1556 1436 vulnere
1580 1408 1690 1436 tacta
1717 1395 1913 1436 animalia
1935 1394 2044 1436 intra

364 1475 581 1515 bihorium
614 1486 810 1521 enecent3
855 1487 1012 1528 eaque,
1058 1471 1137 1511 nisi
1168 1472 1307 1511 statim
1335 1482 1429 1527 post
1457 1482 1634 1511 mortem
1662 1471 1777 1511 locus
1808 1471 2047 1510 vulneratus

365 1551 653 1598 exscindatur,
685 1548 887 1589 citissime
915 1547 1081 1603 putrida
1111 1558 1152 1586 et
1182 1558 1270 1586 atra
1296 1546 1415 1587 reddi
1445 1545 1747 1601 perhibentur,
1780 1561 1851 1585 esu
1878 1559 2042 1600 quoque

363 1625 504 1666 noxia.
577 1624 681 1677 (vid.
727 1624 950 1664 Stralsund.
1025 1624 1192 1677 Dffagaz.
1226 1626 1306 1669 vol,
1336 1624 1366 1662 I.
1397 1639 1436 1677 p.
1468 1627 1594 1675 353.).
1667 1623 1932 1661 Gmelinus
1960 1636 2040 1660 sen.

366 1704 530 1741 Iacutos
560 1699 758 1754 sanguine
787 1710 828 1739 et
857 1713 979 1738 carne
1009 1697 1140 1737 Sittae
1169 1697 1282 1736 idem
1312 1707 1519 1752 praestare
1533 1697 1721 1751 prodidit
1746 1699 1938 1747 (itinerar.
1964 1697 2042 1735 ΙΠ.

366 1792 403 1830 p.
437 1783 509 1816 381
534 1780 562 1828 ).
628 1774 1074 1815 Messersclzmidio
1104 1773 1280 1812 relatum
1310 1772 1413 1811 fuit:
1457 1772 1581 1821 assari
1611 1771 1656 1810 in
1686 1785 1781 1810 eum
1810 1771 1935 1810 finem
1964 1768 2043 1809 Sit-

365 1860 452 1888 tam
483 1863 578 1888 cum
606 1847 859 1902 pinguedine
890 1852 1171 1900 cujuscunque
1199 1844 1388 1884 animalis
1408 1876 1418 1893 ,
1448 1845 1528 1884 nisi
1556 1844 1652 1884 ursi.

502 1923 670 1962 Descr.
701 1921 945 1975 Magnitudo
967 1918 1199 1960 Lusciniae.
1243 1920 1432 1958 Rostrum
1456 1918 1753 1968 rectissimum,
1784 1918 2040 1970 subulatum,

369 2011 628 2045 convexum,
688 1994 806 2050 apice
850 1994 1059 2050 superiore
1102 1995 1173 2034 vix
1218 1991 1405 2047 longiore
1464 1993 2045 2048 coerulescenti-nigricaus,

367 2072 541 2113 maxilla
583 2069 781 2110 inferiore
824 2069 912 2110 basi
954 2071 1225 2124 pallescente.
1297 2071 1455 2122 Lingua
1494 2067 1643 2124 plana,
1701 2070 2042 2117 membranacea,

368 2147 486 2202 apice
515 2145 834 2186 bifido-lacera.
892 2145 1097 2185 Vibrissae
1124 2155 1290 2184 tenerae
1320 2159 1438 2199 supra
1467 2143 1548 2184 oris
1578 2145 1766 2199 anguloS,
1806 2145 2043 2199 densaeque

370 2238 490 2277 supra
519 2234 650 2260 nares.
721 2223 857 2276 Striga
885 2220 1002 2275 nigra
1031 2235 1053 2259 a
1081 2218 1246 2259 naribus
1277 2232 1385 2259 trans
1413 2219 1556 2259 oculos
1586 2230 1628 2259 et
1655 2233 1769 2258 aures
1799 2219 1944 2266 ducta,
1984 2219 2040 2258 la-

370 2296 534 2351 tiorque
563 2310 637 2351 per
664 2295 763 2336 colli
794 2298 922 2336 latera
953 2296 1232 2343 descendens,
1275 2294 1382 2334 infra
1413 2309 1536 2348 quam
1566 2294 1721 2334 collum
1750 2294 1890 2334 subtus
1919 2292 2038 2332 albis-

373 2369 535 2412 simum.
600 2372 731 2426 Supra
760 2371 846 2413 avis
875 2383 962 2414 tota
991 2370 1298 2421 coerulescens,
1342 2370 1481 2411 subtus
1511 2369 1715 2410 sordidius
1746 2369 1861 2419 alba,
1903 2367 1947 2406 in
1976 2364 2036 2406 Si-
