2196 2927
121 313 196 352 bus
225 311 536 353 furvo—fuscae.
605 310 878 353 Americanae
909 309 1036 350 etiam
1065 311 1372 362 subrufescunt,
1418 325 1460 354 et
1490 314 1628 354 subtus
1659 315 1799 356 album

121 387 305 427 colorem
335 387 407 427 vix
436 388 521 427 ulla
549 387 754 428 flavedine
784 395 1031 424 temeratum
1060 386 1310 439 praeferunt.
1367 390 1539 430 Habitat
1562 401 1700 431 autem
1728 394 1797 430 Er·

122 461 309 502 mineum
336 461 380 502 in
410 461 537 517 sylvis
565 459 721 515 pariter
750 471 792 500 et
822 459 972 515 apricis
1002 459 1179 514 campis,
1211 475 1288 501 nec
1318 477 1400 501 non
1431 464 1539 504 circa
1568 479 1711 520 aquas,
1752 465 1796 506 in

120 536 269 591 quibus
299 537 426 576 etiam
455 536 650 590 praedam
679 549 762 575 non
791 535 1006 576 illibenter
1035 535 1216 590 quaerit,
1258 536 1417 591 optime
1447 549 1603 579 natans.
1669 541 1797 580 Nidu-

120 614 230 652 Zatur
256 611 410 666 pariter
440 609 485 650 in
515 609 719 650 cuniculis
749 611 822 650 sub
852 621 961 650 terra
1006 609 1200 663 (murinis
1229 611 1355 660 forte,
1399 612 1514 652 bello
1544 614 1712 668 partis),
1757 625 1799 656 et

122 685 166 726 in
197 684 409 726 arboribus
438 685 564 726 cavis.
635 684 783 726 Inveni
811 686 940 726 talem
969 684 1014 725 in
1050 696 1197 726 trunco
1237 685 1430 741 putridae
1473 688 1629 727 arboris
1671 704 1798 743 parvo

121 759 228 801 ostio
257 760 447 815 perviae,
479 760 605 801 variis
634 760 926 801 loculamentis
957 771 1043 800 arte
1073 762 1251 816 quadam
1283 762 1542 802 elaboratum
1564 762 1723 812 nidum,
1755 763 1799 804 in

120 838 234 889 cujus
276 850 357 876 uno
401 837 541 877 loculo
584 836 745 876 Sorices
787 847 830 876 et
867 839 1006 876 Mures
1044 835 1201 891 integri
1230 837 1489 884 coacervati,
1529 839 1612 878 duo
1643 838 1715 877 alii
1746 854 1799 878 ex

120 912 293 950 adverso
320 911 505 952 invicem
535 911 605 951 siti
634 911 815 966 pellibus
844 910 1019 951 murinis
1048 926 1144 952 cum
1180 911 1328 952 relicta
1369 913 1499 953 cauda
1539 924 1582 952 et
1623 912 1800 968 pedibus

121 985 257 1035 strati,
296 1001 470 1040 quorum
500 986 681 1041 quilibet
708 986 753 1027 in
782 986 1061 1027 foetidissimo
1090 985 1222 1027 hocce
1251 987 1353 1028 nido
1381 988 1623 1029 continebat
1660 988 1801 1041 (initio

123 1060 243 1114 Maji)
274 1064 431 1101 catulos
460 1062 582 1110 duos,
614 1072 709 1101 ante
746 1078 789 1101 10
821 1062 889 1101 vel
926 1079 968 1101 12
1001 1063 1105 1102 forte
1137 1062 1226 1102 dies
1256 1073 1394 1112 natos,
1427 1078 1547 1118 supra
1569 1063 1798 1113 cineritios,

122 1137 261 1175 subtus
304 1136 432 1176 albos.
502 1139 639 1175 Mater
665 1147 765 1176 tunc
801 1135 937 1176 adhuc
965 1148 1053 1177 erat
1095 1138 1165 1190 (in
1202 1137 1397 1178 orientali
1427 1137 1607 1191 Sibiria)
1652 1137 1800 1178 habitu

120 1209 326 1265 hyberno.
384 1213 662 1250 Excrementa
689 1211 920 1250 catulorum
963 1227 1046 1251 non
1089 1223 1241 1267 egesta.
1313 1215 1480 1252 Clamor
1521 1228 1665 1252 eorum
1708 1212 1801 1252 felis

119 1296 321 1325 neonatae
344 1286 546 1335 aemulus,
578 1286 651 1325 sed
678 1285 829 1325 adultis
859 1301 989 1333 rarus,
1022 1286 1139 1326 Ratti
1169 1287 1237 1326 vel
1266 1286 1441 1342 passeris
1465 1287 1578 1342 capti
1602 1288 1801 1336 aemulus,

120 1360 254 1415 qualis
283 1372 325 1400 et
353 1359 397 1399 in
426 1363 486 1400 Μ.
517 1361 634 1401 Gale.
705 1364 842 1401 Mater
871 1377 894 1402 e
924 1361 1083 1402 vicinia
1112 1360 1203 1401 nidi
1246 1377 1330 1402 non
1372 1362 1495 1403 facile
1538 1361 1719 1403 discedit
1761 1372 1803 1402 et

120 1435 525 1491 appropinquantem
566 1435 785 1476 hominem
827 1438 970 1477 dolose
1010 1437 1181 1478 abducit
1208 1439 1461 1492 tandemque
1493 1438 1620 1493 raptis
1651 1437 1799 1478 catulis

121 1510 193 1550 diu
222 1511 426 1565 sequitur,
466 1510 676 1551 desiderio
705 1511 848 1566 prolis.
918 1512 1198 1552 Notissimum
1224 1512 1513 1566 caeteroquin:
1558 1512 1801 1553 Ermineum.

121 1600 143 1624 e
173 1585 314 1640 paucis
344 1600 430 1625 esse
461 1585 728 1633 animalibus,
761 1601 865 1640 quae
894 1585 1048 1640 hyeme
1078 1586 1297 1641 ingruente
1327 1588 1422 1626 albo
1448 1587 1602 1626 vellere
1626 1586 1802 1626 induun-

120 1670 199 1699 tur.
257 1663 471 1699 Autumno
502 1659 665 1699 scilicet
694 1658 929 1713 hybernum
973 1661 1104 1700 vellus
1146 1662 1269 1716 plane
1314 1660 1540 1701 candidum
1582 1673 1624 1700 et
1666 1661 1801 1701 laxius

121 1734 326 1774 excrescit
355 1734 398 1774 in
428 1735 567 1775 locum
597 1734 817 1775 defluentis
847 1746 945 1775 tunc
977 1735 1124 1775 aestivi
1153 1734 1408 1784 tenuissimi,
1439 1738 1554 1786 cujus
1585 1736 1699 1775 color
1728 1751 1801 1791 per

123 1820 250 1849 totam
280 1824 468 1864 superam
496 1808 649 1850 faciem
678 1821 739 1849 est
769 1811 1147 1850 fusco-rufescens.
1205 1814 1355 1850 Denuo
1385 1824 1481 1850 vere
1511 1809 1729 1865 ingruente
1760 1823 1800 1850 et

121 1896 401 1925 succrescente
430 1885 582 1926 iterum
612 1885 769 1925 aestivo
798 1885 906 1940 pilo,
950 1886 1104 1926 sensim
1143 1885 1287 1926 defluit
1316 1884 1550 1941 hybernus,
1593 1897 1634 1926 et
1663 1885 1801 1941 primo

120 1958 292 2013 quidem
322 1962 548 2001 secundum
577 1960 740 2016 spinam
771 1961 901 2010 dorsi,
936 1963 1043 2002 unde
1073 1973 1171 2002 tunc
1203 1961 1358 2001 animal
1388 1961 1645 2017 variegatum
1673 1963 1798 2001 modo

121 2033 363 2075 continuam
394 2035 583 2083 fasciam,
625 2037 750 2076 modo
788 2037 970 2076 maculas
999 2036 1179 2076 dor-sales
1223 2036 1371 2076 aestivi
1413 2036 1564 2077 coloris
1606 2034 1797 2075 exhibet.

120 2107 292 2149 Accidit
318 2108 472 2150 hocin
503 2110 791 2156 calidioribus,
835 2127 874 2150 v.
916 2126 974 2164 gr.
1018 2113 1069 2150 ad
1114 2126 1225 2149 mare
1269 2110 1487 2165 Caspium,
1531 2114 1614 2165 jam
1657 2125 1796 2150 mense

121 2182 297 2232 Martio,
344 2183 388 2224 in
418 2184 570 2225 Sibiria
599 2184 672 2224 vix
704 2196 797 2225 ante
840 2185 943 2238 Maji
986 2185 1172 2224 medium
1214 2185 1282 2224 vel
1323 2186 1462 2225 finem.
1532 2184 1795 2225 Probabilem

118 2254 241 2312 hujus
271 2257 552 2314 phaenomeni
582 2259 910 2315 explicationem
939 2259 1042 2300 alibi
1071 2261 1169 2300 dedi
1200 2264 1270 2314 (⁹³).
1302 2264 1375 2301 Est
1404 2272 1543 2301 autem
1573 2262 1794 2302 admodum

191 2402 245 2445 (⁴)
271 2402 393 2436 Novae
417 2401 537 2446 Specirs
558 2401 806 2450 ‚Qttadrzaepca'mn
832 2416 847 2436 c
871 2398 1010 2438 Clirium
1038 2405 1142 2438 ordine
1175 2407 1210 2437 in
1238 2407 1329 2439 a’escr.
1356 2407 1499 2448 LeporIS
1527 2405 1719 2439 variabilis.
