2196 2927
364 200 454 243 444
1130 199 1273 221 Ξ

499 301 646 341 Nota.
704 298 831 340 [rides
859 299 903 340 in
932 298 1057 356 pullis
1096 298 1439 340 coerulescenteS.
1511 301 1626 340 Anus
1653 295 1754 340 huic
1788 299 1855 340 avi
1884 300 1970 340 fere
2000 300 2042 340 in

366 376 507 418 medio
550 374 805 416 abdominis:
848 391 898 416 an
939 375 1037 417 ideo
1079 386 1121 416 et
1162 386 1332 431 propter
1373 374 1529 416 molem
1572 374 1798 415 ventriculi
1828 374 2040 416 incubatui

366 451 534 508 inepta?
578 454 830 493 Ventriculus
857 452 1101 508 plerumque
1131 451 1438 506 coleoptrorum
1470 451 1659 507 reliquiis
1702 452 1872 500 farctus,
1918 451 2045 491 maxi-

366 543 469 568 mus.
539 530 776 569 Intestinum
825 529 904 569 16“.
949 530 1018 570 6‘''.
1088 528 1251 568 Pondus
1293 527 1379 568 avis
1414 527 1506 583 plus
1537 526 1672 568 minus
1700 526 1916 567 unciarum
1946 541 2040 582 qua*

365 614 458 646 tuor
487 619 582 645 cum
611 603 789 645 dimidia
817 619 905 645 esse
935 604 1054 645 solet.

841 711 1061 798 xvii.
1149 744 1533 796 TURoi.

503 843 550 881 In
581 850 782 881 certarum
812 849 1017 892 proventu
1043 839 1264 878 baccarum
1293 838 1528 893 quaerenda
1559 836 1724 878 videtur
1753 836 1877 888 ratio,
1920 850 2044 893 quare

364 916 598 972 complures
627 915 862 954 Turdorum
892 913 1052 968 species
1083 913 1163 953 sibi
1206 912 1393 968 proprias
1438 912 1626 953 vindicat
1670 912 1822 953 Sibiria
1863 913 2045 953 maxime

364 992 580 1032 orientalis
610 1002 652 1030 et
683 990 878 1044 alpestres
915 993 1000 1043 ejus
1042 989 1250 1044 regiones3
1294 990 1645 1044 quemadmodum
1690 999 1733 1028 et.
1777 987 1962 1044 aliquae,
2004 989 2049 1029 in

365 1069 530 1122 Europa
559 1067 768 1121 vulgares,
799 1064 989 1105 ulteriori
1020 1063 1198 1105 Sibiriae
1229 1066 1377 1105 desunt
1390 1093 1405 1112 ·,
1449 1076 1619 1121 propter
1660 1063 1779 1104 Visci
1823 1065 2050 1105 defectum.

363 1145 451 1183 Hae
482 1141 728 1199 praesertim
759 1156 876 1190 aves,
909 1156 1013 1196 quae
1042 1140 1224 1196 integras
1254 1142 1401 1181 baccas
1430 1140 1631 1196 gluttiunt
1659 1155 1794 1196 neque
1817 1140 2051 1180 ventriculo

362 1219 578 1268 triturant,
610 1219 846 1273 plantarum
877 1216 1082 1256 variarum
1111 1228 1203 1256 sunt
1233 1216 1605 1263 disseminatrices,
1647 1227 1693 1255 ut
1722 1215 1903 1263 viscum,
1939 1216 2050 1256 Juni-
2109 1260 2115 1269 ‚

362 1309 503 1349 peros,
536 1304 768 1347 crataeg08‚
802 1303 908 1332 caet.
968 1292 1034 1331 Sic
1065 1303 1108 1330 et
1136 1291 1369 1331 Numenius
1398 1295 1667 1346 Empetrum,
1698 1292 1827 1331 Grues
1857 1292 2048 1346 Oxycoc-

365 1384 460 1409 cum
491 1380 532 1408 et
561 1369 757 1408 Arbutos.
817 1367 957 1406 Plures
988 1366 1146 1415 adhuc,
1179 1382 1303 1421 quam
1332 1366 1404 1407 hic
1434 1365 1600 1421 scripsi,
1629 1367 1864 1406 Turdorum
1889 1366 2049 1422 species

365 1445 474 1500 apud
505 1459 579 1484 nos
609 1442 698 1483 dari
728 1443 826 1483 ideo
856 1458 938 1482 non
968 1442 1134 1490 dubito,
1178 1443 1290 1496 quod
1333 1441 1432 1481 huic
1471 1439 1614 1496 generi
1646 1440 1690 1480 in
1721 1441 1978 1481 densissimis
2008 1454 2052 1482 et

362 1519 653 1560 remotissimis
683 1519 894 1574 sylvarum
924 1529 1046 1572 atque
1078 1533 1294 1558 nemorum
1324 1516 1599 1565 delitescere,
1643 1532 1778 1572 neque
1810 1528 2049 1558 venatorem

364 1594 488 1635 facile
519 1594 741 1635 admittere
773 1595 958 1635 solemne
990 1604 1064 1634 est.
1140 1596 1229 1633 Imo
1258 1609 1358 1648 quas
1388 1592 1579 1633 describo
1610 1607 1763 1640 novae,
1807 1592 1851 1632 in
1894 1593 2052 1648 laryce-

361 1671 416 1711 tis
447 1671 598 1726 alpinis
629 1670 837 1710 Dauuriae
868 1671 1131 1717 observatae,
1163 1669 1268 1709 forte
1299 1684 1510 1724 nunquam
1538 1668 1583 1708 in
1612 1679 1882 1724 conspectum
1910 1682 2051 1708 meum

364 1747 594 1796 venissent,
628 1746 660 1786 si
690 1761 773 1785 non
802 1745 846 1785 in
877 1744 1026 1784 mediis
1057 1743 1204 1798 sylvis,
1237 1755 1426 1798 tempore
1458 1743 1716 1798 migrationis
1748 1743 1906 1791 avium,
1951 1743 2048 1783 nive

365 1824 536 1861 obrutus
567 1820 815 1868 haesissem,
847 1819 919 1859 ubi
947 1818 1061 1867 illas,
1107 1822 1191 1871 jam
1218 1833 1270 1857 ex
1302 1829 1436 1858 austro
1467 1819 1665 1867 advenas,
1711 1819 1761 1857 ad
1791 1833 1973 1873 sparsum
2003 1807 2047 1858 in

363 1895 462 1936 nive
491 1910 586 1935 cum
616 1894 795 1949 granulis
824 1893 1059 1949 pulverem,
1101 1893 1228 1932 fames
1272 1907 1364 1932 cum
1408 1892 1499 1932 aliis
1542 1892 1812 1948 sylvestribus
1859 1891 2047 1941 aviculis,

365 1970 466 2011 alias
496 1985 586 2010 raro
618 1969 926 2024 conspiciendis
955 1967 1246 2023 compulisset,
1291 1979 1333 2008 et
1377 1967 1436 2007 sic
1474 1968 1698 2008 occidendi
1727 1967 1822 2007 illas
1866 1967 2048 2009 occasio-

365 2062 462 2087 nem
490 2044 760 2102 praebuisset.
831 2045 960 2084 Nulla
1004 2055 1140 2084 autem
1186 2044 1422 2083 Turdorum
1467 2043 1795 2084 americanorum
1838 2043 1997 2100 species
2027 2060 2049 2083 a

366 2124 654 2164 C'acesbaeo
684 2120 893 2162 delineata
923 2135 1017 2160 cum
1048 2118 1197 2159 nostris
1228 2117 1439 2159 convenit.

775 2193 856 2235 85.
948 2189 1200 2232 TURD
1232 2189 1326 2230 US
1400 2188 1639 2232 Oriolus.

500 2267 550 2304 T.
581 2264 732 2311 flavus,
764 2273 895 2302 rostro
924 2260 1175 2309 rubicundo,
1209 2261 1374 2300 artubus
1404 2259 1547 2314 nigris.

583 2338 773 2384 Oriolus,
810 2337 930 2377 Picus
959 2337 1106 2377 nidum
1147 2336 1399 2391 suspendens
1444 2346 1486 2376 et
1529 2336 1708 2377 Gulbula
1751 2336 2041 2393 antiquiorum,

645 2414 864 2469 Wzllughb.
896 2415 1039 2454 ornith.
1070 2429 1109 2469 p.
1148 2421 1234 2465 147.
1265 2412 1348 2453 tab.
1381 2418 1446 2453 36.
1484 2413 1606 2453 bona.
