2196 2927
1712 188 1797 231 VII

135 331 324 373 scribere
362 329 612 385 potuerim,
650 327 727 368 sed
765 325 927 367 multas
966 325 1100 367 etiam
1137 326 1311 381 species
1349 334 1394 366 et
1431 324 1526 366 Illis
1550 333 1595 365 et
1631 321 1797 365 Zoolo-

138 417 206 473 gis
244 416 448 456 omnibus
485 414 660 471 ignotas
698 411 1022 460 adinvenerim,
1060 410 1327 452 minutorum
1364 419 1513 450 autem
1550 409 1796 451 animalcu-

137 502 305 549 lorum,
369 512 483 555 quae
530 496 704 538 Insecta
749 504 994 543 vocantur,
1066 504 1111 536 et
1154 495 1481 536 Vei-miniorum
1527 494 1795 550 inquilinam

135 584 390 632 historiam,
456 596 588 638 quam
625 582 840 622 nominati
877 582 1208 636 observatores,
1272 579 1514 621 Botanicae
1553 579 1690 635 magis
1730 579 1799 619 in-

134 669 273 717 tenti,
338 668 421 709 vix
467 668 731 724 attigerant,
794 667 975 722 plenam
1024 666 1128 707 satis
1166 675 1211 706 et
1248 665 1465 706 curiosam
1510 663 1797 705 condiderim.

139 751 384 808 Complevi
422 752 525 792 dein
563 753 758 793 collecta
797 752 841 792 in
880 751 1068 792 Sibirico
1105 751 1291 804 itinere,
1353 750 1471 791 facta
1507 749 1598 790 alia
1635 748 1681 789 in
1719 761 1800 788 au-

136 838 336 879 straliora
375 836 583 886 Rossiae,
639 837 693 878 ad
732 834 986 879 Caucasum
1024 846 1070 877 et
1107 837 1152 877 in
1191 833 1473 878 Chersoneso
1511 834 1681 875 taurica
1718 846 1800 888 pe-

135 923 435 981 regrinatione
475 921 623 978 (Anno
662 919 1010 964 MDCCXCIH.
1051 930 1096 963 et
1132 921 1261 979 IV.);
1314 922 1544 975 multaque
1583 917 1802 973 suppedi-

135 1008 254 1049 tavit
291 1007 476 1048 arniciss.
517 1007 688 1056 Met-k,
744 1007 822 1063 qui
859 1021 962 1048 cum
999 1009 1226 1050 navarcho
1281 1005 1522 1058 Billings
1560 1003 1802 1061 glacialem

136 1100 183 1134 et
219 1091 480 1132 orientalem
517 1091 772 1137 Oceanum,
829 1091 1000 1132 Insulas
1036 1092 1154 1133 circa
1192 1089 1551 1133 Camtschatcam
1574 1097 1622 1130 et
1648 1100 1803 1128 versus

136 1175 385 1218 Americam
423 1188 614 1231 sparsas,
660 1176 892 1230 ipsamque
929 1174 1178 1216 Americam
1216 1176 1328 1216 adiit
1365 1183 1410 1215 et
1447 1175 1494 1214 in
1531 1172 1803 1228 colligendis

136 1261 323 1309 avibus,
369 1261 592 1317 piscibus,
638 1260 807 1316 plantis
846 1259 1057 1301 assiduuo
1096 1260 1196 1301 fuit.
1271 1259 1395 1306 Quid
1432 1257 1694 1313 praestitum
1731 1256 1803 1303 sit,

138 1360 198 1388 ex
235 1359 370 1402 opere
408 1347 506 1401 ipso
544 1346 821 1402 perspicient
857 1346 1007 1403 gnari,
1050 1345 1172 1401 quod
1210 1345 1348 1386 tacite
1386 1357 1604 1398 nusquam
1641 1341 1803 1383 alienis

142 1432 290 1472 ditavi
328 1432 503 1486 opibus,
595 1431 828 1486 Quicquid
867 1431 984 1471 enim
1013 1431 1069 1470 de
1109 1429 1275 1471 Natura
1313 1428 1596 1484 moribusque
1636 1427 1805 1468 anima-

139 1516 255 1557 lium
291 1516 619 1557 adnotaverant
654 1516 830 1558 laudati
867 1516 990 1564 Viri,
1053 1516 1132 1556 vel
1170 1513 1395 1571 Collegae
1433 1513 1511 1569 qui
1549 1525 1719 1553 mecum
1758 1511 1806 1552 in

140 1601 230 1640 hoc
277 1612 434 1653 campo
480 1600 756 1640 desudarunt
793 1607 838 1639 et
875 1612 1026 1640 omnes
1064 1607 1166 1639 ante
1204 1613 1271 1639 me
1309 1612 1428 1638 nunc
1466 1598 1562 1637 vita
1600 1609 1806 1637 excesse-

143 1692 269 1732 runt,
324 1683 517 1724 fideliter
554 1682 768 1723 indicavi.
860 1681 1336 1723 Ζὶιῖειςκςεικςεὴιηἱἀίἰ1
1373 1680 1583 1736 equidem
1621 1680 1676 1720 ad
1715 1693 1806 1721 ina-

142 1782 225 1810 nus
262 1775 436 1809 tantum
471 1768 599 1808 venit
635 1765 985 1821 Ornithologicon
1019 1765 1268 1816 Sibiricum,
1322 1778 1591 1821 sparsaeque
1629 1764 1675 1804 in
1712 1763 1807 1804 Ho-

146 1852 337 1907 degerim
375 1854 469 1904 ejus
510 1853 842 1895 observationes
861 1867 876 1906 3
949 1851 1183 1894 Stelleri
1220 1864 1327 1892 vero
1365 1851 1461 1891 sola
1505 1848 1808 1906 Iclztlzyologia

147 1938 482 1980 Cazfntschatica.
590 1936 822 1979 anelini
859 1946 906 1978 et
941 1929 1453 1993 Krascheninihofii
1490 1935 1683 1976 schedae
1722 1934 1806 1976 Vix

149 2023 392 2078 quidquam
430 2023 643 2064 utilitatis
683 2024 956 2065 adtulerunt.

320 2107 381 2147 Et
422 2109 536 2149 haec
577 2108 760 2164 quidem
804 2109 849 2149 in
894 2109 1035 2164 prima
1082 2108 1225 2150 fronte
1273 2106 1491 2148 monenda
1538 2115 1684 2151 erant,
1756 2113 1810 2145 ut

152 2199 374 2232 constaret
411 2206 526 2246 quae
564 2193 729 2247 cuique
767 2194 865 2234 laus
902 2194 1131 2234 debeatur.
1231 2191 1360 2233 Nune
1398 2192 1455 2232 ad
1493 2191 1589 2246 ipsa
1627 2191 1807 2230 Faunae

150 2275 634 2317 Rutheno-asiaticae
673 2290 792 2318 sacra
830 2278 978 2318 venio.
1000 2303 1047 2309 —
1083 2277 1245 2334 Regio,
1282 2278 1408 2328 cujus
1446 2275 1683 2316 animantia
1720 2276 1808 2315 hoc

152 2373 286 2416 opere
325 2361 551 2411 recensui,
614 2376 837 2419 quamque
876 2363 1072 2404 breviter
1109 2362 1255 2404 animo
1292 2374 1619 2418 percurramus,
1683 2368 1810 2419 parte
