2196 2927
874 183 1018 207 2-
1679 187 1764 226 277

95 280 239 324 haberi
267 296 384 338 posse
416 281 622 324 videntur.
651 307 704 314 -
741 283 938 323 Fistulam
976 279 1171 335 spiraculi
1213 282 1372 340 excipit
1414 298 1586 340 magnus
1629 286 1761 326 cranii

92 357 230 398 hiatus
273 369 390 412 septo
433 372 565 399 crasso
608 357 761 397 divisus
804 367 844 396 et
873 356 1008 396 bif0ro
1037 356 1195 395 fistulae
1226 357 1333 398 ostio
1369 361 1608 414 respodens.
1669 363 1764 401 Cra-

92 438 200 474 nium
238 443 397 480 autem,
439 444 602 488 praeter
638 431 765 471 ollam
803 429 964 470 cerebri
1000 428 1125 469 nullis
1155 431 1305 470 suturis
1333 432 1559 486 signatam,
1604 446 1763 476 constat

92 509 251 549 duobus
280 507 436 547 ossibus
472 504 777 553 maxillaribus,
815 504 1128 558 interjectisque
1166 505 1395 553 nasalibus,
1436 522 1458 546 e
1497 509 1644 561 quibus
1681 526 1763 550 ma-

93 583 256 623 xillaria
295 581 455 620 hiatum
493 580 613 619 illum
653 580 844 619 formant.
916 582 964 618 In
1002 577 1084 620 hoc
1132 580 1292 635 duplici
1333 595 1436 620 cavo
1480 580 1617 622 hiatus
1657 586 1763 625 ossei

92 656 262 697 haerent
283 658 453 709 fistulae
483 656 565 695 duo
596 666 791 695 externae
822 655 944 694 tubae
976 656 1290 709 respondentes,
1331 666 1531 696 structura
1561 658 1760 709 diversae,

90 733 314 772 secundum
345 730 445 770 ossis
475 731 677 769 anfractus
713 731 939 778 flexuosae,
985 732 1057 769 sed
1096 730 1189 769 laxa
1226 729 1423 770 cellulosa
1460 731 1659 786 periostio
1697 734 1763 772 ad-

88 804 306 845 haerentes
337 817 379 844 et
410 822 431 845 a
461 820 570 845 nexu
602 805 759 844 solutae
789 804 833 844 in
864 815 1022 844 rectum
1059 804 1337 845 directionem
1359 806 1599 846 extensiles.
1657 811 1763 848 Tota

88 895 226 920 earum
256 879 473 933 longitudo
506 896 526 919 a
556 879 833 920 bifurcatione
874 880 925 919 ad
962 880 1146 934 palatum
1188 891 1285 920 octo
1324 880 1540 935 pollicum.
1614 885 1764 922 Versus

86 955 271 1010 palatum
300 953 343 993 in
374 954 558 1009 speciem
598 956 721 995 tubae
759 954 956 994 dilatatae
996 958 1318 1009 conjunguntur,
1360 967 1402 995 et
1441 957 1619 996 formant
1655 972 1764 997 com-

88 1044 211 1068 mune
241 1030 523 1081 injindibulum
552 1028 824 1084 bipollicare,
854 1029 962 1069 intra
992 1030 1128 1069 fauces
1158 1031 1399 1084 pendulum.
1471 1035 1626 1071 Harum
1656 1033 1761 1071 fistu-

88 1104 219 1143 larum
249 1108 384 1143 tunica
422 1104 604 1144 exterior
641 1104 752 1144 fibris
788 1104 1040 1150 tendinosis,
1076 1104 1334 1159 vasculisque
1374 1105 1528 1145 crebris
1566 1117 1762 1146 contexta

87 1177 266 1217 includit
297 1183 518 1219 musculum
556 1179 792 1234 vaginalem
828 1178 1030 1233 elegantis
1070 1189 1317 1227 structurae,
1364 1179 1474 1219 inter
1513 1195 1636 1235 quem
1673 1186 1761 1222 inti-

87 1268 271 1307 mamque
301 1258 478 1293 tunicam
506 1252 946 1294 nerveo-vascularem
976 1252 1176 1307 disposita
1205 1264 1298 1292 sunt
1326 1255 1539 1293 tubercula
1569 1256 1762 1295 deorsum

87 1327 239 1366 sensim
268 1328 494 1377 crebriora,
526 1329 697 1368 tandem
726 1326 1030 1368 confertissima
1059 1342 1129 1367 seu
1152 1332 1391 1383 corpuscula
1414 1329 1550 1368 ovalia
1574 1331 1641 1370 3“'.
1677 1331 1763 1370 dia-

87 1413 238 1451 metro,
270 1404 441 1443 obscure
471 1403 674 1443 rubentia.
740 1404 889 1442 Intima
918 1402 1058 1442 tunica
1086 1403 1270 1458 superius
1300 1403 1437 1458 nigra,
1476 1418 1612 1444 versus
1650 1406 1760 1460 pala-

86 1487 175 1515 tum
211 1478 343 1524 albet,
386 1477 647 1518 creberrimis
684 1488 848 1532 pertusa
889 1478 1052 1518 sinubus
1095 1483 1133 1531 (1
1169 1479 1222 1518 ad
1258 1480 1346 1532 3¹²2)
1390 1479 1498 1519 intra
1545 1480 1760 1535 praedicta

88 1551 329 1605 corpuscula
358 1551 663 1598 nidulantibus‚
694 1567 868 1606 quorum
898 1551 1075 1592 directio
1105 1554 1265 1592 fistulae
1306 1554 1530 1603 contraria,
1577 1566 1619 1594 et
1649 1570 1762 1609 aper-

86 1637 202 1666 turae
241 1625 417 1665 valvulis
453 1627 778 1667 membranaceis
816 1626 967 1666 lunatis
1005 1626 1277 1668 conniventes
1323 1644 1345 1667 a
1389 1629 1598 1683 superiore
1642 1641 1759 1684 parte

86 1711 248 1740 tantum
305 1700 464 1740 aditum
520 1702 733 1756 praebent.
776 1725 831 1732 —
884 1703 1065 1755 Linguae
1108 1717 1255 1757 corpus
1312 1717 1384 1742 sex
1435 1718 1529 1743 cum
1580 1703 1760 1745 dimidio

87 1775 262 1829 pollices
318 1776 514 1829 longum,
573 1786 654 1815 tres
711 1791 806 1816 cum
862 1775 1040 1816 dimidio
1095 1777 1253 1824 latum,
1325 1789 1555 1819 antrorsum
1610 1781 1759 1833 produ-

88 1848 194 1888 citur
250 1866 434 1904 processu
487 1849 729 1900 ensiformi,
789 1865 811 1890 e
861 1850 1088 1891 substantia
1143 1851 1390 1902 tendinosa‚
1448 1853 1560 1893 villis
1618 1855 1760 1894 subcu-

89 1922 222 1963 taneis
277 1925 474 1964 destituta
531 1926 734 1972 formato,
790 1925 1065 1980 tripollicari,
1123 1926 1242 1966 unius
1297 1927 1464 1982 pollicis
1513 1927 1757 1977 latitudine,

91 1997 162 2052 qui
205 1997 326 2037 simul
368 2014 461 2038 curn
503 2000 592 2055 ipsa
629 1999 769 2053 lingua
815 2000 978 2040 carinae
1019 1999 1119 2048 oris,
1164 2015 1242 2055 ope
1279 2001 1384 2041 cutis
1427 2003 1658 2042 communis
1696 2018 1758 2042 ca-

89 2072 203 2111 rinae
233 2072 324 2120 oris,
357 2073 615 2113 strictissime
647 2075 816 2114 adnatus
845 2086 919 2115 est.
979 2079 1026 2114 In
1049 2076 1186 2123 fauce,
1219 2077 1271 2114 ad
1299 2086 1516 2130 utrumque
1547 2077 1651 2116 latus
1680 2077 1757 2118 lin-

91 2161 214 2201 guae,
234 2149 414 2199 folliculi
442 2148 697 2188 lentiformes
727 2149 917 2202 plurimi,
948 2149 1137 2203 interque
1167 2163 1236 2188 eos
1265 2154 1353 2191 villi
1377 2160 1583 2190 exstantes
1607 2151 1754 2192 crebri.

91 2222 390 2263 Glandularum
419 2223 697 2276 ductuumque
727 2222 961 2263 salivalium
989 2224 1150 2263 nullum
1180 2224 1414 2280 vestigium.
1436 2250 1492 2257 —
1521 2225 1640 2267 Oculi
1668 2227 1756 2267 bul-

89 2299 164 2337 bus
201 2295 391 2336 omnibus
428 2297 634 2336 extraneis
672 2298 900 2337 denudatus
943 2297 1148 2339 diametro
1192 2302 1345 2353 majore
1388 2307 1431 2341 15
1476 2299 1550 2340 lin.
1593 2301 1753 2342 minore

91 2371 289 2427 pollicem
318 2382 488 2427 aequat,
528 2372 657 2414 factus
688 2387 709 2413 e
738 2376 946 2417 sclerocica
991 2374 1331 2428 argenteo-alba,
1372 2375 1504 2417 forma
1544 2374 1754 2432 sphaeroi-
