2196 2927
401 196 484 240 263
1157 198 1300 222 ....···-·-=

889 323 1009 371 140.
1109 315 1136 356 S
1163 314 1203 356 U
1233 314 1259 356 S
1336 313 1571 356 indicus.

530 390 571 430 S.
602 389 722 429 dorso
752 387 971 428 rotundato
1001 385 1129 434 laevi,
1162 386 1291 425 cauda
1321 396 1431 425 recta
1459 384 1684 424 brevicula.

614 466 687 504 Sus
716 462 912 510 5111011515,
941 464 1029 502 Lz‘n.
1060 471 1163 516 ςγδι.
1193 463 1289 501 XII.
1319 463 1351 501 I.
1383 477 1422 515 p.
1461 478 1546 501 102.
1583 476 1643 515 sp.
1680 477 1711 498 1.
1751 479 1789 513 Ὺ.
1820 459 1940 499 Ρεηη.
1972 461 2063 500 hist.

665 539 809 594 quadr.
841 554 880 592 p.
917 544 1002 578 128.

612 617 762 654 Porcus
805 612 1004 667 javensis‚
1048 613 1167 654 Kolb.
1210 627 1370 668 caperis.
1413 613 1446 652 I.
1490 628 1584 666 pag.
1631 629 1717 663 117.
1762 611 1919 651 Forrest
1961 609 2066 649 Nov.

669 690 786 729 Guin.
818 704 914 742 pag.
947 706 1011 740 97.

531 767 640 804 Toto
671 762 820 803 habitu
850 774 891 801 et
920 761 1258 817 proportionibus
1298 762 1498 817 corporis,
1543 761 1603 801 uti
1636 761 1837 808 moribus,
1880 760 1974 800 1000
2002 760 2067 798 na-

396 839 471 880 tali
502 850 545 878 et
573 837 769 878 indicatis
799 836 1108 877 characteribus
1146 837 1329 892 corporis
1373 837 1536 876 diversa
1578 835 1682 877 haec
1727 835 1884 891 species
1927 834 2018 874 Suis
2048 849 2070 873 e

395 914 507 955 Sinis
547 913 796 954 intemerata
837 912 881 952 in
926 911 1120 952 Sibiriam
1163 911 1373 967 pervenit,
1418 910 1491 951 ubi
1532 927 1640 951 nunc
1677 927 1773 952 cum
1811 909 1971 965 vulgari
2002 923 2072 949 sue

396 990 505 1032 laete
535 999 797 1044 propagatur.
870 990 917 1026 In
964 986 1111 1027 Rossia
1142 986 1277 1027 adhuc
1308 1001 1397 1026 raro
1428 985 1598 1035 colitur,
1643 986 1914 1041 praeferenda
1941 982 2071 1024 omni-

395 1066 470 1106 bus
499 1063 701 1113 numeris,
733 1063 978 1119 praesertim
1009 1077 1130 1103 carne
1161 1062 1389 1118 sapidiora,
1430 1073 1472 1102 et
1501 1063 1612 1117 quod
1641 1059 1976 1103 foecundissima.

993 1289 1485 1341 ORDovl.

770 1392 1711 1466 BELLUAE.

535 1564 617 1602 Sub
648 1562 882 1601 Belluczrum
910 1559 1056 1600 ordine
1087 1560 1194 1600 mihi
1224 1571 1385 1600 tantum
1421 1561 1503 1600 duo
1542 1558 1726 1600 militant
1768 1573 1936 1615 genera,
1979 1576 2075 1617 pau-

399 1638 460 1679 cis
490 1636 728 1692 speciebus,
758 1636 868 1676 inter
898 1635 1206 1691 quadrupedia,
1248 1647 1412 1691 praeter
1442 1635 1564 1686 Oete,
1609 1635 1803 1675 maximis
1831 1636 2073 1692 composita,

399 1715 637 1767 Elephantis
680 1710 841 1751 scilicet
884 1721 925 1750 01
967 1712 1167 1750 Rosmari.
1240 1710 1508 1750 Conveniunt
1537 1709 1641 1750 haec
1672 1710 1870 1750 animalia
1899 1712 2076 1751 dentium

397 1787 628 1842 primorum
671 1786 869 1831 defectu,
913 1789 1066 1825 caninis
1108 1795 1268 1824 tantum
1315 1799 1337 1823 e
1380 1785 1590 1840 superiore
1635 1785 1808 1825 maxilla
1848 1784 2071 1840 protensis,

397 1859 610 1908 eburneis,
654 1859 874 1899 molaribus
915 1858 1076 1914 paucis;
1120 1863 1306 1899 mammis
1347 1859 1625 1914 pectoralibus
1669 1861 1742 1900 sub
1786 1859 1928 1909 armis,
1974 1864 2074 1914 (quo

398 1933 642 1990 praesertim
672 1935 722 1974 ab
752 1934 1116 1988 Anomalopedum
1146 1933 1290 1975 ordine
1322 1933 1598 1989 discrepant,)
1629 1936 1777 1990 pedum
1805 1934 1949 1988 digitis
1978 1949 2074 1974 con—

398 2008 506 2049 natis
535 2008 580 2049 in
616 2007 840 2049 informem
881 2009 1067 2063 plantam
1110 2019 1152 2047 et
1193 2007 1440 2063 quibusdam
1480 2009 1725 2050 anatomicis
1765 2009 2075 2050 interaneorum

401 2083 652 2135 momentis,
703 2083 835 2124 Nolui
877 2098 925 2123 ea
969 2094 1140 2138 propter
1188 2098 1283 2124 cum
1324 2084 1591 2140 praecedenti
1636 2084 1782 2126 ordine
1825 2081 2071 2139 conjungere

402 2174 583 2214 quocum
625 2160 696 2200 vix
739 2158 966 2215 quidquam
995 2157 1046 2200 iis
1075 2174 1310 2201 commune.
1376 2159 1557 2202 Unicum
1593 2160 1637 2201 in
1666 2164 1804 2201 Fauna
1833 2171 1971 2202 nostra
2000 2159 2070 2200 hu-

401 2236 463 2287 jus
494 2235 650 2277 ordinis
681 2235 833 2277 animal
848 2252 857 2275 ε
