2196 2927
898 209 1042 235 .-.-.--
1726 209 1813 248 115,

245 311 450 366 Tungusis
479 312 611 352 Κάνηα
640 311 707 350 vel
737 309 912 355 Chz'cma3
943 306 1128 347 Lamutis
1155 309 1278 348 Κὲιεα.

246 386 386 427 Esthis
427 388 567 440 Hylg;
607 383 850 424 Lettonibus
888 383 1062 426 Rohnis5
1106 382 1277 436 Vogulis
1307 395 1349 425 et
1377 383 1557 426 Ostiacis
1590 386 1805 441 Tschizgih

305 463 355 502 ad
386 465 489 501 Kaas
518 461 558 499 fl.
591 460 706 500 Utar.

247 534 475 589 Samojedis
504 534 637 581 Ssink3
669 533 720 573 ad
743 532 949 573 Jeniseam
972 534 1034 590 Sje
1056 531 1123 572 vel
1146 533 1201 572 Si.

246 608 575 651 Camtschadalis
590 609 760 649 Ancora.
821 608 973 649 Curilis
988 609 1231 648 Anturasch.
1291 607 1484 648 Coraecis
1500 610 1675 662 Kalyla,
1711 611 1807 665 Wy-

299 684 384 725 dul.
441 682 608 739 Japonis
642 683 770 724 Todo.
831 682 944 724 Indis
980 685 1180 737 Ssyswae.
1239 682 1445 738 Canagice
1481 684 1636 724 Schuetz
1663 687 1808 725 Arme-

298 758 361 798 nis
390 759 706 799 Sschiri«.schun
735 758 782 811 (i.
814 773 850 797 e.
882 758 1006 799 Canis
1035 758 1279 813 aquaticus).

242 833 436 888 Vulgaris
451 835 586 873 Phoca
611 838 755 873 canina
777 834 844 872 vel
861 833 1048 882 vitulina,
1082 836 1184 885 (non
1202 845 1337 873 autem
1358 832 1487 872 habet
1502 847 1597 873 cum
1611 832 1744 873 vitulo
1759 834 1808 873 si-

137 909 428 949 militudinem
443 908 522 948 nisi
538 922 662 957 voce,
694 919 738 947 ut
767 909 962 949 Plinius
991 909 1199 960 observat)
1222 908 1266 947 in
1282 907 1473 948 omnibus
1489 907 1611 947 facile
1629 907 1809 948 maribus

143 985 337 1033 abundat,
368 983 412 1023 in
427 982 628 1032 balthico,
660 982 704 1022 in
719 984 859 1032 boreo,
891 984 997 1032 albo,
1028 983 1147 1038 nigro
1170 998 1200 1023 s.
1225 986 1378 1032 Ponto,
1410 996 1566 1023 oceano
1591 982 1745 1023 arctico
1767 994 1809 1024 et

136 1058 352 1107 orientali,
385 1069 426 1098 et
442 1058 610 1097 mirum!
641 1072 722 1097 non
747 1059 879 1098 solum
900 1058 945 1098 in
967 1058 1156 1098 dulcibus
1178 1060 1346 1098 lacubus
1369 1057 1567 1106 Sibiriae,
1598 1059 1745 1098 Baical
1767 1069 1809 1097 et

135 1133 266 1181 Oron,
299 1134 366 1172 vel
390 1132 699 1187 quadringentis
716 1133 964 1173 milliaribus
987 1150 1008 1173 a
1031 1132 1135 1172 mari
1157 1132 1333 1182 dissitis,
1363 1144 1406 1173 et
1426 1132 1562 1188 priore
1585 1147 1659 1187 per
1673 1135 1809 1187 Auga-

134 1223 221 1248 ram
244 1218 285 1246 et
307 1207 532 1255 Jeniseam,
563 1206 791 1261 posteriore
814 1222 888 1261 per
910 1210 1114 1256 Mamam,
1146 1207 1373 1247 VVitimurn
1395 1218 1437 1246 et
1459 1210 1615 1246 Lenam
1637 1206 1808 1247 fluvium

133 1297 229 1322 cum
244 1281 399 1321 arctico
415 1296 571 1322 oceano
586 1279 918 1331 cohaerentibus,
951 1283 1021 1322 sed
1037 1281 1165 1321 etiam
1179 1282 1222 1321 in
1237 1281 1408 1321 inclusis
1422 1280 1606 1335 undique
1629 1291 1671 1320 et
1692 1280 1809 1322 exitu

133 1356 368 1397 carentibus
398 1355 577 1396 maribus
609 1358 759 1411 Caspio
790 1367 832 1396 et
877 1358 1081 1398 Araliensi
1111 1355 1421 1412 copiosissimae
1452 1354 1636 1410 speciem
1663 1371 1808 1412 propa-

134 1433 268 1486 gavit,
318 1431 544 1486 antiquitus
586 1433 711 1480 forte,
756 1431 842 1472 imo
885 1432 1035 1472 diluvii
1066 1430 1279 1471 Noachici
1307 1442 1494 1485 tempore
1524 1430 1626 1470 illuc
1655 1431 1805 1471 delata.

135 1511 182 1546 In
212 1507 363 1562 Caspio
391 1507 634 1561 praesertim
665 1517 707 1545 et
736 1506 903 1546 Baicale
933 1506 993 1545 ita
1022 1505 1208 1560 copiosa,
1239 1516 1282 1544 ut
1312 1505 1472 1544 lucrosa
1514 1508 1600 1558 ejus
1642 1505 1696 1545 sit
1740 1521 1807 1546 ve-

135 1581 268 1630 natio,
308 1581 409 1621 licet
439 1580 516 1620 vili
543 1580 587 1619 in
615 1580 762 1635 pretio.
819 1581 888 1619 Ad
926 1595 979 1619 m.
1011 1579 1207 1634 Caspium
1235 1578 1478 1634 praesertim
1507 1579 1617 1619 circa
1647 1581 1807 1635 Volgae

134 1668 176 1696 et
204 1655 393 1710 Rhymni
422 1656 546 1705 ostia,
585 1667 628 1695 et
655 1656 700 1695 in
729 1655 863 1694 insula
892 1670 1030 1694 versus
1059 1657 1190 1693 Terec
1219 1654 1258 1693 ss.
1289 1652 1440 1693 ostium
1470 1669 1491 1692 a
1519 1654 1654 1708 Volga
1685 1655 1808 1695 dissi-

133 1732 277 1780 dente,
329 1742 371 1769 et
400 1730 497 1770 ideo
531 1732 707 1787 Tjulenei
749 1729 1059 1784 cognominata,
1105 1728 1278 1782 aliisque
1315 1727 1461 1766 insulis
1499 1729 1726 1768 caeduntur
1762 1730 1806 1769 in

135 1805 296 1855 littore,
328 1806 396 1845 vel
425 1805 579 1845 retibus
610 1805 828 1860 capiuntur
854 1804 898 1844 in
929 1803 1053 1850 mari,
1096 1804 1195 1844 dum
1224 1802 1357 1858 pisces
1387 1803 1629 1843 anadromos
1659 1805 1710 1843 ad
1739 1805 1808 1843 flu-

136 1879 296 1920 viorum
337 1881 441 1921 ostia
483 1892 704 1921 sectantur.
775 1883 822 1919 In
865 1878 1031 1919 Baicale
1071 1877 1314 1934 praesertim
1355 1878 1506 1933 sclopis
1549 1878 1809 1920 occiduntur.

136 1956 295 1994 Natant
324 1956 514 2010 gregibus
546 1956 673 2011 magis
702 1955 890 1996 minusve
921 1953 1169 2001 numerosis3
1213 1968 1450 2008 congressus
1481 1964 1620 1993 autem
1648 1964 1807 2009 tempo-

137 2043 200 2078 re,
232 2032 343 2084 quod
372 2032 450 2070 fine
481 2031 645 2071 aestatis
674 2030 849 2078 incidit,
879 2029 1060 2069 maxime
1089 2044 1162 2083 per
1191 2028 1306 2083 paria
1336 2028 1534 2067 secedunt
1570 2038 1612 2066 et
1653 2028 1807 2068 femina

137 2105 258 2144 dorso
299 2105 561 2153 incumbens,
602 2120 758 2145 marem
800 2120 894 2144 cum
923 2106 1047 2144 fluctu
1074 2101 1434 2156 supervenientem
1463 2101 1662 2141 admittit.
1730 2105 1806 2142 Pa-

139 2179 247 2218 riunt
276 2191 453 2219 exeunte
485 2179 657 2233 hyeme,
696 2190 843 2219 octavo
871 2192 1030 2225 mense,
1061 2176 1105 2215 in
1135 2175 1314 2230 scopulis
1343 2175 1410 2214 vel
1439 2174 1539 2230 ripis
1569 2175 1803 2227 inaccessis,

139 2254 314 2294 multum
344 2254 561 2293 fundentes
591 2253 844 2307 sanguinem.
904 2251 1042 2293 Catuli
1064 2251 1306 2306 plerumque
1329 2249 1524 2299 solitarii,
1556 2251 1683 2291 rarius
1706 2253 1801 2301 duo,

138 2329 271 2385 prima
302 2340 434 2368 aetate
464 2329 587 2383 plane
617 2327 701 2368 albi
731 2339 771 2367 et
809 2327 999 2367 molliore
1042 2327 1194 2366 vellere
1238 2326 1393 2366 vestiti.
1465 2329 1678 2366 Autumno
1720 2342 1803 2366 ma-

140 2406 252 2446 xime
282 2403 455 2460 pingues
485 2414 596 2455 sunt,
640 2413 684 2444 ut
728 2402 902 2458 Caspiae
930 2413 1026 2444 tunc
1056 2401 1136 2442 utri
1178 2401 1316 2458 potius
1344 2401 1438 2443 oleo
1479 2403 1605 2458 pleno
1648 2400 1807 2442 similes

1437 2482 1460 2505 s
