2196 2927
390 191 442 230 72
1137 189 1280 202 —

390 290 536 331 Bossia
567 291 798 343 Europaea,
829 297 869 326 et
897 286 1140 342 praesertim
1170 286 1213 326 in
1244 285 1421 327 Livonia
1449 286 1640 341 frequens
1663 297 1736 327 est.
1797 288 1941 343 Sylvas
1969 295 2055 325 tan-

389 377 476 405 turn
507 363 750 403 necessitate
781 373 969 402 coactum
998 361 1120 410 colit,
1168 361 1357 401 lubenter
1387 361 1527 401 hortos
1558 372 1600 400 et
1629 377 1794 417 campos
1824 362 1923 402 raris
1951 359 2056 400 lucis

392 453 548 494 sparsos
578 437 645 476 vel
673 437 795 491 plane
825 437 968 476 nudOS.
1035 438 1250 477 Cunicztlos
1275 436 1518 490 praesertim
1546 436 1653 477 fodit
1682 437 1784 476 locis
1813 435 2056 492 praeruptis,

392 524 434 553 et
463 528 544 552 non
574 511 696 565 longe
727 512 777 550 ab
808 523 924 551 antro
952 526 1026 566 pro
1064 512 1203 551 cloaca
1232 511 1370 565 seligit
1411 511 1549 551 locum
1593 511 1795 551 acclivem
1838 511 1906 550 vel
1946 523 2059 564 prae-

390 599 577 642 ruptum,
606 584 678 625 ubi
708 585 895 640 deposita
926 597 1190 626 excrementa
1218 597 1326 624 terra
1355 586 1627 640 superinjecta
1659 586 1783 626 facile
1807 597 1947 641 tegere
1968 600 2058 640 pos-

392 662 456 702 sit.
514 664 738 715 Nunquam
767 660 848 700 nisi
876 672 1002 700 noctu
1031 673 1215 714 vagatur,
1259 672 1351 715 post
1381 675 1571 700 occasum
1602 660 1718 709 solis,
1762 673 1803 701 et
1844 661 1879 700 si
1913 661 2061 699 illuxe-

390 737 463 785 rit,
508 737 581 775 sub
612 734 765 774 arboris
794 737 1005 789 qu'usdam
1034 735 1240 775 radicibus
1270 735 1338 774 vel
1368 735 1492 775 obvia
1521 750 1764 790 quacunque
1793 735 1837 775 in
1866 736 2060 791 spelunca

392 809 614 851 delitescit.
672 812 709 848 A
740 810 909 850 canibus
939 808 1262 864 deprehensum,
1308 809 1511 863 unguibus
1540 810 1817 865 dentibusque
1850 825 1891 849 se
1923 810 2060 848 defen-

392 885 477 934 dit,
510 885 630 925 dorso
660 885 918 924 incumbens.
977 884 1263 938 Depopulatur
1299 899 1396 923 uvas
1428 896 1643 933 autumno,
1688 896 1729 924 et
1772 886 1926 925 fructus
1971 886 2062 923 dru-

388 973 558 1015 paceos;
590 960 835 1014 Coleoptera
865 973 1028 1012 quoque
1070 960 1304 998 manducat.
1384 960 1547 998 Coitum
1599 970 1767 999 exercet
1809 958 2062 1006 Novembri,

388 1046 556 1088 tumque
586 1033 905 1088 pinguissimum
934 1033 1145 1072 delitescit
1173 1047 1246 1087 per
1276 1032 1479 1086 reliquam
1507 1031 1706 1085 hyemem
1730 1047 1875 1087 sopore
1899 1047 2063 1087 oppres-

388 1124 489 1148 sum.
548 1107 714 1147 Pariunt
744 1108 951 1147 foeminae
982 1122 1122 1146 mense
1152 1106 1377 1146 Februario
1407 1117 1625 1160 quaternos
1656 1107 1723 1147 vel
1754 1108 1914 1161 quinos.
1982 1110 2062 1147 De-

387 1182 546 1223 cembri
576 1193 617 1222 et
643 1181 834 1222 Januario
865 1183 1022 1222 adlatos
1052 1182 1185 1220 Meles
1214 1195 1375 1235 semper
1404 1179 1548 1219 inveni
1576 1195 1646 1220 sue
1676 1181 1783 1221 altili
1810 1181 2061 1236 pinguiores,

387 1268 433 1296 ut
462 1272 582 1311 saepe
611 1256 690 1312 pili
718 1255 799 1295 rari
829 1255 900 1294 vix
931 1266 1156 1309 contegant
1185 1254 1382 1309 saginam.
1450 1257 1556 1292 Tum
1586 1255 1769 1295 maxime
1800 1256 2065 1310 requiruntur

387 1343 558 1387 propter
587 1332 749 1386 adipem
776 1341 963 1378 tenuem,
1009 1329 1174 1369 medico
1217 1340 1258 1368 et
1298 1326 1544 1368 mechanico
1574 1344 1664 1368 usur
1708 1329 1878 1378 utilem,
1923 1330 2009 1370 imo
2040 1346 2062 1369 a

390 1405 530 1445 multis
560 1406 843 1445 comeduntur.
903 1406 1072 1443 Aestate
1102 1403 1421 1443 macilentiores.
1481 1407 1571 1443 Ictu
1600 1404 1739 1443 baculi
1769 1419 1887 1459 supra
1918 1420 2060 1444 nasum

391 1480 548 1520 leviore
584 1494 792 1534 syncopen
830 1478 1012 1533 patitur,
1072 1489 1113 1517 et
1169 1477 1337 1517 fortiore
1379 1492 1473 1516 cum
1515 1476 1831 1532 haemorrhagia
1875 1479 2061 1519 moritur.

389 1553 507 1593 Alias
535 1555 753 1592 verberum
783 1564 824 1591 et
853 1554 1072 1591 vulnerum
1100 1551 1463 1605 patientissimum.
1534 1553 1663 1591 Pelles
1700 1553 1846 1606 vulgus
1885 1553 2063 1593 Cosako-

389 1643 480 1667 rum
516 1639 637 1682 atque
674 1627 897 1666 nomadum
925 1626 968 1665 in
998 1625 1182 1679 tegmina
1211 1625 1490 1679 sclopetorum
1521 1636 1652 1680 aptat,
1702 1627 1799 1681 quia
1829 1627 2063 1680 rubiginem

391 1714 434 1742 et
461 1701 620 1757 pluvias
651 1701 808 1755 optime
840 1712 992 1740 arcent.
1065 1703 1217 1740 Forsan
1256 1699 1386 1754 pelles
1424 1698 1543 1747 illae,
1589 1701 1697 1754 apud
1727 1700 1966 1755 Philologos
1997 1703 2063 1742 ad-

392 1775 475 1816 huc
505 1775 676 1821 dubiae,
715 1774 863 1829 quibus
894 1779 1059 1830 Moyses
1087 1774 1397 1814 tabernaculam
1426 1773 1470 1814 in
1500 1775 1662 1814 deserto
1692 1775 1898 1825 contexit,
1942 1775 2062 1830 hujus

396 1849 583 1897 animalis
612 1851 738 1890 fuere.

529 2004 572 2043 N
579 2013 677 2044 ota.
736 2005 775 2045 V
773 2009 980 2046 arietatem
1010 2005 1146 2046 albam
1176 2004 1284 2058 apud
1312 2018 1384 2043 nos
1414 2017 1622 2057 nunquam
1651 2003 1910 2042 observatam
1940 2002 2063 2042 fuisse

397 2077 646 2128 audivimus,
683 2095 760 2119 nec
789 2094 885 2134 ego,
929 2096 1005 2120 nec
1034 2093 1312 2135 praecessores
1341 2078 1437 2118 mei.
1509 2079 1679 2131 Semper
1708 2076 1770 2116 sui
1800 2076 2064 2117 simillimum

397 2154 575 2194 occurrit
603 2154 794 2203 Animal,
840 2156 1117 2209 nullacunque
1147 2153 1298 2194 coloris
1328 2152 1601 2193 aberratione.
1660 2153 1782 2192 Color
1811 2153 1950 2192 subtus
1979 2152 2063 2206 pal-

398 2227 540 2277 lidior,
584 2228 709 2268 fascia
749 2228 949 2269 latissima
992 2241 1075 2268 atra
1118 2227 1433 2281 longituclinali‚
1477 2227 1616 2281 gulam
1657 2237 1788 2266 totam
1827 2238 1993 2281 tegente
2022 2237 2063 2265 et

399 2315 493 2341 cum
522 2314 680 2342 artuum
710 2302 927 2356 nigredine
957 2304 1203 2341 confluente.
1262 2304 1398 2355 Caput
1427 2302 1661 2348 albescens,
1680 2340 1683 2343 ,
1701 2313 1863 2356 praeter
1891 2300 2063 2339 fusciam

400 2390 420 2413 a
450 2390 547 2415 naso
577 2377 682 2417 ultra
713 2392 825 2418 aures
855 2377 1114 2432 productam.
1180 2376 1314 2423 Anus,
1353 2379 1532 2430 genitale
1573 2386 1616 2415 et
1655 2380 1763 2415 sinus
1805 2373 2062 2414 subcaudalis
