2196 2927
864 169 1009 208 ’ψ’-ἑ
1685 185 1770 227 245

98 282 268 340 pedale,
298 281 408 325 int'us
435 282 796 340 longitudinaliter
823 297 1029 338 rugosum.
1101 282 1198 324 Lien
1226 284 1402 326 mininis
1430 283 1771 341 haemisphaerio

98 359 266 399 sinistro
295 360 432 415 priore
462 376 532 400 sua
560 360 826 399 extremitate
856 358 1007 406 libera,
1040 356 1205 412 linguae
1235 360 1408 400 caninae
1439 360 1568 400 simili
1596 360 1768 401 circum-

98 436 245 484 flexus,
279 436 540 490 longitudine
577 437 618 474 1‘.
655 436 735 474 io‘s.
760 433 982 473 latitudine
1006 436 1064 475 5'‘.
1090 433 1273 473 crassitie
1299 441 1320 474 3
1346 435 1412 473 vel
1439 444 1463 484 4
1486 436 1773 476 linearum.—

98 511 236 566 Hepar
265 510 610 564 subtriangulare,
642 509 904 564 longitudine
942 511 983 548 1'.
1015 510 1073 550 3'‘.
1104 508 1329 548 latitudine
1375 524 1532 549 summa
1571 513 1628 552 δ”.
1667 528 1771 552 cras-

95 585 192 625 sitie
226 588 351 625 2''.-
379 587 520 638 Cystis
549 586 672 625 fellea
702 600 869 640 magna,
902 586 975 625 sub
1007 585 1148 626 medio
1177 585 1261 624 fere
1294 583 1465 640 hepate,
1511 587 1639 626 fundo
1668 587 1769 627 libe—

95 675 141 701 ro
179 662 462 716 propendens,
508 661 618 701 collo
655 660 973 718 parenchymati
1012 659 1208 716 hep-atico
1248 660 1461 708 immersa,
1506 662 1609 701 adeo
1640 678 1772 717 capax

92 747 139 775 ut
168 751 290 775 unam
318 735 467 775 libram
497 736 650 792 liquidi
679 748 859 792 caperet.
918 737 1144 777 Glandulae
1174 737 1247 775 sub
1281 736 1422 776 tunica
1446 736 1663 776 reticulata
1686 741 1772 788 ejus

91 809 252 850 interna
291 810 444 866 passim
484 812 772 867 magnitudine
810 811 979 852 seminis
1017 811 1253 852 cannabini.
1312 811 1516 851 Valvulae
1557 811 1601 851 in
1645 814 1768 852 ductu

91 886 250 940 cystico
280 887 439 935 nullae,
472 889 544 928 sed
570 887 855 928 choledochus
879 888 1135 927 adtenuatus,
1194 888 1352 928 Ductus
1368 890 1690 941 lzepato-cystici
1721 889 1772 928 ab

89 975 172 1001 uno
203 963 255 1001 ad
284 963 385 1002 duos
414 964 604 1018 pluresve
634 963 679 1003 in
709 962 833 1002 variis
863 962 1111 1002 animalibus
1148 962 1382 1012 variabant,
1429 963 1645 1003 straminei
1688 963 1769 1003 cul-

90 1036 149 1076 mi
179 1052 371 1091 capaces,
404 1038 572 1079 ramulis
602 1054 654 1079 ex
686 1037 849 1093 hepatis
880 1038 1107 1078 substantia
1137 1053 1211 1078 ceu
1242 1037 1441 1078 radiculis
1471 1039 1576 1085 orti,
1605 1038 1649 1078 in
1674 1039 1768 1077 duc-

88 1122 177 1151 tum
207 1113 410 1167 cysticum
441 1126 535 1154 ante
565 1114 721 1154 collum
753 1113 958 1153 vesiculae
989 1113 1155 1161 inserti,
1199 1113 1352 1153 ostiolo
1381 1113 1587 1168 cystidem
1630 1128 1768 1153 versus

88 1198 322 1241 spectantc;
352 1200 494 1228 contra
525 1204 571 1229 ac
603 1190 868 1243 Ve—rheyen
896 1199 939 1228 et
966 1190 1188 1227 Bianchi
1218 1188 1494 1228 delineerunt.
1519 1214 1572 1219 —
1611 1192 1657 1227 In
1688 1204 1768 1228 una

86 1273 212 1302 vacca
244 1263 381 1318 Cystis
412 1275 575 1319 praeter
603 1275 790 1303 naturam
821 1263 1006 1318 gemina,
1046 1278 1141 1303 cum
1170 1274 1345 1317 quatuor
1375 1263 1567 1303 ductibus
1598 1263 1768 1318 hepato-

85 1337 269 1392 cysticis.
326 1341 482 1380 Ambas
513 1339 695 1395 cystides
726 1354 946 1380 commune
981 1339 1203 1379 incluserat
1233 1337 1521 1393 peritonaeum
1550 1350 1592 1379 et
1623 1338 1765 1393 adipo-

85 1427 127 1452 sa
158 1414 326 1468 vagina3
357 1415 662 1470 prominentiae
693 1416 798 1455 duae
829 1426 946 1470 septo
965 1414 1253 1454 inter-stinctae
1277 1413 1533 1467 duplicatam
1558 1414 1766 1469 cystidem

86 1499 205 1527 extus
233 1492 488 1544 prodebant,
518 1506 691 1546 quarum
720 1491 866 1530 dextra
898 1501 984 1530 erat
1014 1490 1146 1529 multo
1177 1492 1330 1540 major,
1366 1488 1530 1529 sinistra
1560 1489 1765 1546 peculiari

86 1575 128 1604 et
157 1565 275 1605 brevi
306 1566 432 1605 ductu
461 1565 505 1605 in
535 1565 739 1620 cysticum
769 1565 935 1605 alterius
966 1565 1136 1604 ductum
1166 1564 1341 1610 inserta,
1370 1564 1414 1604 in
1444 1580 1526 1619 quo
1549 1564 1763 1605 communi

85 1640 210 1680 ductu
230 1652 405 1695 quatuor
427 1642 626 1681 ductuum
648 1639 1090 1696 hepato-cysticorum
1113 1640 1252 1680 oscula
1275 1638 1468 1689 hiabant,
1501 1655 1675 1695 quorum
1700 1639 1761 1679 in-

84 1716 224 1755 fimum
263 1719 406 1765 majus.
478 1719 526 1755 In
565 1715 647 1756 alio
677 1717 865 1767 subjecto
904 1715 1155 1755 vestibulum
1184 1714 1304 1754 unius
1333 1716 1478 1755 ductus
1507 1715 1763 1771 hepato-cy·

84 1789 179 1830 stici
207 1790 252 1830 in
280 1806 444 1831 saccum
472 1792 890 1847 praeternaturalem‚
922 1791 1135 1830 avellanae
1166 1790 1334 1844 majoris
1363 1806 1559 1846 capacem
1590 1801 1677 1830 erat
1701 1788 1760 1829 di—

82 1865 275 1915 latatum,
319 1868 430 1922 quod
467 1867 642 1922 coagulo
678 1867 776 1907 bilis
806 1866 1051 1913 infarctum,
1097 1866 1205 1906 illud
1233 1867 1444 1922 pressione
1473 1881 1548 1922 per
1577 1866 1762 1906 osculum

83 1942 309 1981 eructabat.
329 1967 384 1972 —
414 1946 460 1981 In
490 1958 579 1983 rene
609 1942 685 1983 Uri
715 1941 848 1982 lobuli
879 1949 929 1982 33
960 1944 1295 1983 numerabantur.
1365 1942 1540 1982 Sinister
1567 1941 1649 1980 situ
1677 1951 1765 1980 erat

81 2015 215 2056 multo
244 2017 467 2071 posterior,
511 2032 808 2072 nonnunquam
852 2016 1076 2056 dislocatus
1106 2033 1225 2072 supra
1253 2017 1382 2057 imam
1409 2016 1571 2071 spinam
1600 2015 1760 2054 lumba-

81 2106 183 2131 rem.
243 2092 444 2146 Capsulae
475 2093 775 2147 suprarenales,
806 2103 970 2147 praeter
999 2096 1196 2144 majoreS‚
1226 2091 1361 2131 adhuc
1389 2090 1639 2130 accessoriae
1672 2105 1762 2145 par-

81 2181 180 2213 vae,
212 2166 620 2207 succenturiatae.—-
651 2168 793 2206 Pulmo
824 2177 996 2220 uterque
1039 2168 1139 2207 lobo
1182 2181 1332 2220 magno
1374 2165 1571 2206 inferiore
1611 2177 1653 2205 et
1693 2181 1759 2205 an—

80 2253 257 2281 trorsum
288 2241 537 2289 minoribus,
569 2243 716 2281 dexter
743 2240 893 2290 tribus,
940 2240 1105 2281 sinister
1133 2242 1314 2288 duobus,
1356 2240 1606 2281 anteriorem
1636 2255 1757 2295 angu-

82 2329 185 2357 stam
214 2315 396 2358 thoracis
425 2328 586 2373 partem
616 2317 846 2372 explentes.
906 2318 1017 2356 Vena
1046 2333 1204 2371 azygos
1232 2318 1409 2372 duplex,
1449 2332 1620 2371 quarum
1658 2318 1755 2356 dex-

80 2402 143 2432 tra
171 2403 316 2433 trunco
349 2407 420 2433 suo
450 2395 564 2446 juxta
595 2403 751 2433 aortam
781 2403 822 2433 et
853 2394 1021 2433 ductum
1057 2391 1316 2433 thoracicum
1355 2392 1584 2433 descendit.
1645 2394 1757 2432 Vena
