<?xml version="1.0" encoding="UTF-8"?>
<!DOCTYPE html PUBLIC "-//W3C//DTD XHTML 1.0 Transitional//EN"
    "http://www.w3.org/TR/xhtml1/DTD/xhtml1-transitional.dtd">
<html xmlns="http://www.w3.org/1999/xhtml" xml:lang="en" lang="en">
 <head>
  <title>
</title>
<meta http-equiv="Content-Type" content="text/html;charset=utf-8" />
  <meta name='ocr-system' content='tesseract 3.04.00' />
  <meta name='ocr-capabilities' content='ocr_page ocr_carea ocr_par ocr_line ocrx_word'/>
</head>
<body>
  <div class='ocr_page' id='page_1' title='image "./zoographiarossoa11831pall_0226.png"; bbox 0 0 2196 2927; ppageno 0'>
   <div class='ocr_carea' id='block_1_1' title="bbox 401 169 1299 219">
    <p class='ocr_par' dir='ltr' id='par_1_1' title="bbox 401 169 1299 219">
     <span class='ocr_line' id='line_1_1' title="bbox 401 169 1299 219; baseline -0.009 -11"><span class='ocrx_word' id='word_1_1' title='bbox 401 169 485 219; x_wconf 65' lang='lat'>&#39;396</span> <span class='ocrx_word' id='word_1_2' title='bbox 1156 177 1299 200; x_wconf 60' lang='grc' dir='ltr'>Ξ</span> 
     </span>
    </p>
   </div>
   <div class='ocr_carea' id='block_1_2' title="bbox 386 273 2078 2360">
    <p class='ocr_par' dir='ltr' id='par_1_2' title="bbox 386 273 2078 2360">
     <span class='ocr_line' id='line_1_2' title="bbox 396 273 2064 332; baseline -0.002 -13"><span class='ocrx_word' id='word_1_3' title='bbox 396 279 491 319; x_wconf 84' lang='lat' dir='ltr'>leve</span> <span class='ocrx_word' id='word_1_4' title='bbox 519 290 620 318; x_wconf 88' lang='lat' dir='ltr'>onus</span> <span class='ocrx_word' id='word_1_5' title='bbox 649 273 891 331; x_wconf 73' lang='lat' dir='ltr'><strong>imponitur.</strong></span> <span class='ocrx_word' id='word_1_6' title='bbox 962 274 1155 317; x_wconf 84' lang='lat' dir='ltr'>Triennis</span> <span class='ocrx_word' id='word_1_7' title='bbox 1185 275 1236 316; x_wconf 85' lang='lat' dir='ltr'>acl</span> <span class='ocrx_word' id='word_1_8' title='bbox 1265 274 1426 316; x_wconf 80' lang='lat' dir='ltr'>minora</span> <span class='ocrx_word' id='word_1_9' title='bbox 1455 291 1580 316; x_wconf 84' lang='lat' dir='ltr'>onera</span> <span class='ocrx_word' id='word_1_10' title='bbox 1608 276 1811 332; x_wconf 84' lang='lat' dir='ltr'>portanda</span> <span class='ocrx_word' id='word_1_11' title='bbox 1849 278 1953 331; x_wconf 86' lang='lat' dir='ltr'>(CC.</span> <span class='ocrx_word' id='word_1_12' title='bbox 1992 279 2064 319; x_wconf 71' lang='lat' dir='ltr'>cir-</span> 
     </span>
     <span class='ocr_line' id='line_1_3' title="bbox 392 350 2069 408; baseline 0 -14"><span class='ocrx_word' id='word_1_13' title='bbox 392 353 498 395; x_wconf 81' lang='lat' dir='ltr'><strong>citer</strong></span> <span class='ocrx_word' id='word_1_14' title='bbox 527 353 745 405; x_wconf 84' lang='lat' dir='ltr'>librarum)</span> <span class='ocrx_word' id='word_1_15' title='bbox 777 350 970 392; x_wconf 84' lang='lat' dir='ltr'>adhiberi</span> <span class='ocrx_word' id='word_1_16' title='bbox 1000 362 1137 408; x_wconf 85' lang='lat' dir='ltr'>potest</span> <span class='ocrx_word' id='word_1_17' title='bbox 1166 362 1209 391; x_wconf 87' lang='lat' dir='ltr'>et</span> <span class='ocrx_word' id='word_1_18' title='bbox 1238 362 1383 406; x_wconf 84' lang='lat' dir='ltr'>quarto</span> <span class='ocrx_word' id='word_1_19' title='bbox 1414 351 1614 406; x_wconf 80' lang='lat' dir='ltr'>quintove</span> <span class='ocrx_word' id='word_1_20' title='bbox 1651 362 1864 392; x_wconf 84' lang='lat' dir='ltr'>castratur.</span> <span class='ocrx_word' id='word_1_21' title='bbox 1921 354 2069 394; x_wconf 84' lang='lat' dir='ltr'>Adulti</span> 
     </span>
     <span class='ocr_line' id='line_1_4' title="bbox 392 426 2070 482; baseline 0.001 -15"><span class='ocrx_word' id='word_1_22' title='bbox 392 427 438 467; x_wconf 81' lang='lat' dir='ltr'>in</span> <span class='ocrx_word' id='word_1_23' title='bbox 467 428 591 482; x_wconf 81' lang='lat' dir='ltr'>longa</span> <span class='ocrx_word' id='word_1_24' title='bbox 619 427 771 467; x_wconf 84' lang='lat' dir='ltr'>itinera</span> <span class='ocrx_word' id='word_1_25' title='bbox 799 430 914 468; x_wconf 76' lang='lat' dir='ltr'><strong>XVI.</strong></span> <span class='ocrx_word' id='word_1_26' title='bbox 944 428 1084 482; x_wconf 90' lang='lat' dir='ltr'>pondo</span> <span class='ocrx_word' id='word_1_27' title='bbox 1115 426 1268 467; x_wconf 86' lang='lat' dir='ltr'>russica</span> <span class='ocrx_word' id='word_1_28' title='bbox 1293 430 1389 480; x_wconf 66' lang='lat'>(640</span> <span class='ocrx_word' id='word_1_29' title='bbox 1407 426 1523 480; x_wconf 82' lang='lat' dir='ltr'>libr.)</span> <span class='ocrx_word' id='word_1_30' title='bbox 1555 428 1678 468; x_wconf 88' lang='lat' dir='ltr'>facile</span> <span class='ocrx_word' id='word_1_31' title='bbox 1700 438 1888 482; x_wconf 85' lang='lat' dir='ltr'>portant,</span> <span class='ocrx_word' id='word_1_32' title='bbox 1918 427 1962 467; x_wconf 85' lang='lat' dir='ltr'>in</span> <span class='ocrx_word' id='word_1_33' title='bbox 1982 430 2070 468; x_wconf 76' lang='lat' dir='ltr'>bre·</span> 
     </span>
     <span class='ocr_line' id='line_1_5' title="bbox 395 502 2074 558; baseline 0.001 -17"><span class='ocrx_word' id='word_1_34' title='bbox 395 517 466 542; x_wconf 81' lang='lat' dir='ltr'>ves</span> <span class='ocrx_word' id='word_1_35' title='bbox 495 507 688 556; x_wconf 77' lang='lat' dir='ltr'>trajectus</span> <span class='ocrx_word' id='word_1_36' title='bbox 719 504 770 542; x_wconf 85' lang='lat' dir='ltr'>ad</span> <span class='ocrx_word' id='word_1_37' title='bbox 806 512 857 552; x_wconf 75' lang='grc' dir='ltr'>4ο</span> <span class='ocrx_word' id='word_1_38' title='bbox 893 504 1034 558; x_wconf 85' lang='lat' dir='ltr'>pondo</span> <span class='ocrx_word' id='word_1_39' title='bbox 1071 518 1199 558; x_wconf 89' lang='lat' dir='ltr'>usque</span> <span class='ocrx_word' id='word_1_40' title='bbox 1237 502 1452 542; x_wconf 87' lang='lat' dir='ltr'>sustinent.</span> <span class='ocrx_word' id='word_1_41' title='bbox 1522 502 1752 556; x_wconf 79' lang='lat' dir='ltr'>Tugurium</span> <span class='ocrx_word' id='word_1_42' title='bbox 1793 502 2074 543; x_wconf 74' lang='lat' dir='ltr'>Nomadicurn</span> 
     </span>
     <span class='ocr_line' id='line_1_6' title="bbox 391 576 2073 633; baseline -0.001 -16"><span class='ocrx_word' id='word_1_43' title='bbox 391 592 465 617; x_wconf 82' lang='lat' dir='ltr'>seu</span> <span class='ocrx_word' id='word_1_44' title='bbox 495 580 626 618; x_wconf 83' lang='lat' dir='ltr'>Scena</span> <span class='ocrx_word' id='word_1_45' title='bbox 656 577 818 632; x_wconf 81' lang='lat' dir='ltr'>integra</span> <span class='ocrx_word' id='word_1_46' title='bbox 847 578 972 618; x_wconf 83' lang='lat' dir='ltr'>unico</span> <span class='ocrx_word' id='word_1_47' title='bbox 1001 577 1245 633; x_wconf 74' lang='lat' dir='ltr'>imponitur.</span> <span class='ocrx_word' id='word_1_48' title='bbox 1303 581 1415 617; x_wconf 85' lang='lat' dir='ltr'>Lana</span> <span class='ocrx_word' id='word_1_49' title='bbox 1455 593 1525 617; x_wconf 83' lang='lat' dir='ltr'>sua</span> <span class='ocrx_word' id='word_1_50' title='bbox 1561 589 1603 617; x_wconf 83' lang='lat' dir='ltr'>et</span> <span class='ocrx_word' id='word_1_51' title='bbox 1637 578 1750 633; x_wconf 79' lang='lat' dir='ltr'>pelle</span> <span class='ocrx_word' id='word_1_52' title='bbox 1790 588 1832 617; x_wconf 83' lang='lat' dir='ltr'>et</span> <span class='ocrx_word' id='word_1_53' title='bbox 1861 576 2073 632; x_wconf 70' lang='lat' dir='ltr'>portandis</span> 
     </span>
     <span class='ocr_line' id='line_1_7' title="bbox 391 653 2077 709; baseline 0.001 -17"><span class='ocrx_word' id='word_1_54' title='bbox 391 653 635 709; x_wconf 86' lang='lat' dir='ltr'>praesertim</span> <span class='ocrx_word' id='word_1_55' title='bbox 667 653 860 693; x_wconf 78' lang='lat' dir='ltr'>oneribus</span> <span class='ocrx_word' id='word_1_56' title='bbox 892 664 933 693; x_wconf 89' lang='lat' dir='ltr'>et</span> <span class='ocrx_word' id='word_1_57' title='bbox 962 654 1069 693; x_wconf 84' lang='lat' dir='ltr'>lacte</span> <span class='ocrx_word' id='word_1_58' title='bbox 1099 665 1192 693; x_wconf 87' lang='lat' dir='ltr'>sunt</span> <span class='ocrx_word' id='word_1_59' title='bbox 1214 653 1352 693; x_wconf 84' lang='lat' dir='ltr'>utiles.</span> <span class='ocrx_word' id='word_1_60' title='bbox 1411 656 1493 693; x_wconf 85' lang='lat' dir='ltr'>Lac</span> <span class='ocrx_word' id='word_1_61' title='bbox 1515 668 1599 693; x_wconf 91' lang='lat' dir='ltr'>non</span> <span class='ocrx_word' id='word_1_62' title='bbox 1627 653 1828 699; x_wconf 84' lang='lat' dir='ltr'>fundunt,</span> <span class='ocrx_word' id='word_1_63' title='bbox 1856 653 1938 693; x_wconf 80' lang='lat' dir='ltr'>nisi</span> <span class='ocrx_word' id='word_1_64' title='bbox 1961 669 2077 709; x_wconf 84' lang='lat' dir='ltr'>prae-</span> 
     </span>
     <span class='ocr_line' id='line_1_8' title="bbox 393 726 2073 783; baseline 0.001 -16"><span class='ocrx_word' id='word_1_65' title='bbox 393 728 502 768; x_wconf 80' lang='lat' dir='ltr'>senti</span> <span class='ocrx_word' id='word_1_66' title='bbox 530 727 722 768; x_wconf 80' lang='lat' dir='ltr'>hinnulo.</span> <span class='ocrx_word' id='word_1_67' title='bbox 781 740 923 783; x_wconf 73' lang='lat' dir='ltr'>estque</span> <span class='ocrx_word' id='word_1_68' title='bbox 962 728 1294 783; x_wconf 79' lang='lat' dir='ltr'>pinguissimum.</span> <span class='ocrx_word' id='word_1_69' title='bbox 1366 731 1476 767; x_wconf 83' lang='lat' dir='ltr'>Lana</span> <span class='ocrx_word' id='word_1_70' title='bbox 1521 729 1572 767; x_wconf 89' lang='lat' dir='ltr'>ab</span> <span class='ocrx_word' id='word_1_71' title='bbox 1611 726 1816 768; x_wconf 77' lang='lat' dir='ltr'>immixtis</span> <span class='ocrx_word' id='word_1_72' title='bbox 1857 727 1955 783; x_wconf 68' lang='lat' dir='ltr'>pilis</span> <span class='ocrx_word' id='word_1_73' title='bbox 1989 743 2073 769; x_wconf 87' lang='lat' dir='ltr'>cre-</span> 
     </span>
     <span class='ocr_line' id='line_1_9' title="bbox 393 802 2074 859; baseline -0.001 -16"><span class='ocrx_word' id='word_1_74' title='bbox 393 803 478 844; x_wconf 81' lang='lat' dir='ltr'>bris</span> <span class='ocrx_word' id='word_1_75' title='bbox 509 815 758 859; x_wconf 76' lang='lat' dir='ltr'>expurgata,</span> <span class='ocrx_word' id='word_1_76' title='bbox 797 803 935 843; x_wconf 88' lang='lat' dir='ltr'>colore</span> <span class='ocrx_word' id='word_1_77' title='bbox 965 815 1008 842; x_wconf 88' lang='lat' dir='ltr'>et</span> <span class='ocrx_word' id='word_1_78' title='bbox 1037 802 1217 842; x_wconf 76' lang='lat' dir='ltr'>mollitie</span> <span class='ocrx_word' id='word_1_79' title='bbox 1248 817 1378 857; x_wconf 81' lang='lat' dir='ltr'>prope</span> <span class='ocrx_word' id='word_1_80' title='bbox 1410 803 1460 842; x_wconf 83' lang='lat' dir='ltr'>ad</span> <span class='ocrx_word' id='word_1_81' title='bbox 1500 802 1717 843; x_wconf 81' lang='lat' dir='ltr'>Vicunnae</span> <span class='ocrx_word' id='word_1_82' title='bbox 1754 803 1867 843; x_wconf 76' lang='lat' dir='ltr'>lanas</span> <span class='ocrx_word' id='word_1_83' title='bbox 1899 802 2074 852; x_wconf 75' lang='lat' dir='ltr'>accedit,</span> 
     </span>
     <span class='ocr_line' id='line_1_10' title="bbox 393 876 2076 934; baseline 0 -16"><span class='ocrx_word' id='word_1_84' title='bbox 393 894 469 934; x_wconf 86' lang='lat' dir='ltr'>pro</span> <span class='ocrx_word' id='word_1_85' title='bbox 512 893 650 934; x_wconf 85' lang='lat' dir='ltr'>panno</span> <span class='ocrx_word' id='word_1_86' title='bbox 688 878 864 933; x_wconf 83' lang='lat' dir='ltr'>aliisque</span> <span class='ocrx_word' id='word_1_87' title='bbox 904 877 1124 918; x_wconf 78' lang='lat' dir='ltr'>textilibus</span> <span class='ocrx_word' id='word_1_88' title='bbox 1155 889 1197 917; x_wconf 88' lang='lat' dir='ltr'>et</span> <span class='ocrx_word' id='word_1_89' title='bbox 1226 876 1396 917; x_wconf 78' lang='lat' dir='ltr'>coactili</span> <span class='ocrx_word' id='word_1_90' title='bbox 1427 892 1550 932; x_wconf 78' lang='lat' dir='ltr'>opere</span> <span class='ocrx_word' id='word_1_91' title='bbox 1583 879 1815 918; x_wconf 82' lang='lat' dir='ltr'>commoda.</span> <span class='ocrx_word' id='word_1_92' title='bbox 1873 877 2076 918; x_wconf 86' lang='lat' dir='ltr'>Hinnulo-</span> 
     </span>
     <span class='ocr_line' id='line_1_11' title="bbox 393 951 2076 1009; baseline -0.001 -16"><span class='ocrx_word' id='word_1_93' title='bbox 393 969 487 994; x_wconf 77' lang='lat' dir='ltr'>rum</span> <span class='ocrx_word' id='word_1_94' title='bbox 516 968 658 993; x_wconf 87' lang='lat' dir='ltr'>carnes</span> <span class='ocrx_word' id='word_1_95' title='bbox 688 953 856 1009; x_wconf 80' lang='lat' dir='ltr'>sapidae</span> <span class='ocrx_word' id='word_1_96' title='bbox 888 953 1102 1000; x_wconf 56' lang='lat' dir='ltr'>dicuntum</span> <span class='ocrx_word' id='word_1_97' title='bbox 1138 955 1210 993; x_wconf 86' lang='lat' dir='ltr'>sed</span> <span class='ocrx_word' id='word_1_98' title='bbox 1241 964 1337 992; x_wconf 82' lang='lat' dir='ltr'>sunt</span> <span class='ocrx_word' id='word_1_99' title='bbox 1362 951 1472 992; x_wconf 84' lang='lat' dir='ltr'>inter</span> <span class='ocrx_word' id='word_1_100' title='bbox 1499 954 1710 992; x_wconf 76' lang='lat' dir='ltr'>Nomadas</span> <span class='ocrx_word' id='word_1_101' title='bbox 1741 952 1980 1008; x_wconf 76' lang='lat' dir='ltr'>principum</span> <span class='ocrx_word' id='word_1_102' title='bbox 2009 954 2076 993; x_wconf 82' lang='lat' dir='ltr'>cla-</span> 
     </span>
     <span class='ocr_line' id='line_1_12' title="bbox 394 1026 2076 1084; baseline 0 -16"><span class='ocrx_word' id='word_1_103' title='bbox 394 1043 483 1084; x_wconf 84' lang='lat' dir='ltr'>pes.</span> <span class='ocrx_word' id='word_1_104' title='bbox 553 1029 623 1068; x_wconf 80' lang='lat' dir='ltr'>Ad</span> <span class='ocrx_word' id='word_1_105' title='bbox 661 1028 964 1083; x_wconf 75' lang='lat' dir='ltr'>equitationem</span> <span class='ocrx_word' id='word_1_106' title='bbox 1002 1028 1125 1083; x_wconf 83' lang='lat' dir='ltr'>plane</span> <span class='ocrx_word' id='word_1_107' title='bbox 1156 1040 1249 1068; x_wconf 84' lang='lat' dir='ltr'>sunt</span> <span class='ocrx_word' id='word_1_108' title='bbox 1287 1027 1477 1077; x_wconf 66' lang='lat' dir='ltr'>inutiles,</span> <span class='ocrx_word' id='word_1_109' title='bbox 1522 1042 1643 1083; x_wconf 71' lang='lat' dir='ltr'>passu</span> <span class='ocrx_word' id='word_1_110' title='bbox 1683 1026 1796 1067; x_wconf 75' lang='lat' dir='ltr'>enim</span> <span class='ocrx_word' id='word_1_111' title='bbox 1827 1028 1932 1068; x_wconf 83' lang='lat' dir='ltr'>adeo</span> <span class='ocrx_word' id='word_1_112' title='bbox 1961 1028 2076 1083; x_wconf 78' lang='lat' dir='ltr'>gravi</span> 
     </span>
     <span class='ocr_line' id='line_1_13' title="bbox 396 1101 2077 1158; baseline 0 -14"><span class='ocrx_word' id='word_1_113' title='bbox 396 1115 439 1145; x_wconf 84' lang='lat' dir='ltr'>et</span> <span class='ocrx_word' id='word_1_114' title='bbox 467 1102 724 1144; x_wconf 66' lang='lat' dir='ltr'>succutiente</span> <span class='ocrx_word' id='word_1_115' title='bbox 755 1104 1017 1158; x_wconf 79' lang='lat' dir='ltr'>gradiuntur,</span> <span class='ocrx_word' id='word_1_116' title='bbox 1056 1114 1101 1142; x_wconf 85' lang='lat' dir='ltr'>ut</span> <span class='ocrx_word' id='word_1_117' title='bbox 1128 1102 1356 1143; x_wconf 76' lang='lat' dir='ltr'>insidentes</span> <span class='ocrx_word' id='word_1_118' title='bbox 1385 1118 1483 1158; x_wconf 83' lang='lat' dir='ltr'>prae</span> <span class='ocrx_word' id='word_1_119' title='bbox 1513 1101 1757 1158; x_wconf 66' lang='lat' dir='ltr'>fatigatione</span> <span class='ocrx_word' id='word_1_120' title='bbox 1782 1113 1823 1142; x_wconf 90' lang='lat' dir='ltr'>et</span> <span class='ocrx_word' id='word_1_121' title='bbox 1846 1102 2077 1144; x_wconf 82' lang='lat' dir='ltr'>interaneo-</span> 
     </span>
     <span class='ocr_line' id='line_1_14' title="bbox 395 1177 2076 1235; baseline -0.001 -15"><span class='ocrx_word' id='word_1_122' title='bbox 395 1196 487 1220; x_wconf 87' lang='lat' dir='ltr'>rum</span> <span class='ocrx_word' id='word_1_123' title='bbox 516 1193 648 1235; x_wconf 86' lang='lat' dir='ltr'>paene</span> <span class='ocrx_word' id='word_1_124' title='bbox 678 1179 931 1219; x_wconf 76' lang='lat' dir='ltr'>laceratione</span> <span class='ocrx_word' id='word_1_125' title='bbox 961 1191 1170 1233; x_wconf 81' lang='lat' dir='ltr'>nequeant</span> <span class='ocrx_word' id='word_1_126' title='bbox 1198 1180 1394 1234; x_wconf 72' lang='lat' dir='ltr'>perferre.</span> <span class='ocrx_word' id='word_1_127' title='bbox 1454 1180 1535 1218; x_wconf 81' lang='lat' dir='ltr'>Sed</span> <span class='ocrx_word' id='word_1_128' title='bbox 1569 1179 1620 1218; x_wconf 88' lang='lat' dir='ltr'>ad</span> <span class='ocrx_word' id='word_1_129' title='bbox 1644 1177 1861 1218; x_wconf 74' lang='lat' dir='ltr'>transitum</span> <span class='ocrx_word' id='word_1_130' title='bbox 1887 1192 1961 1232; x_wconf 84' lang='lat' dir='ltr'>per</span> <span class='ocrx_word' id='word_1_131' title='bbox 1984 1193 2076 1233; x_wconf 86' lang='lat' dir='ltr'>pro-</span> 
     </span>
     <span class='ocr_line' id='line_1_15' title="bbox 398 1251 2074 1308; baseline 0 -15"><span class='ocrx_word' id='word_1_132' title='bbox 398 1253 608 1294; x_wconf 78' lang='lat' dir='ltr'>fundiores</span> <span class='ocrx_word' id='word_1_133' title='bbox 639 1268 761 1307; x_wconf 84' lang='lat' dir='ltr'>aquas</span> <span class='ocrx_word' id='word_1_134' title='bbox 792 1253 944 1293; x_wconf 63' lang='lat' dir='ltr'>servire</span> <span class='ocrx_word' id='word_1_135' title='bbox 974 1264 1158 1308; x_wconf 79' lang='lat' dir='ltr'>possunt.</span> <span class='ocrx_word' id='word_1_136' title='bbox 1224 1251 1537 1293; x_wconf 76' lang='lat' dir='ltr'>Tauro-Tatari</span> <span class='ocrx_word' id='word_1_137' title='bbox 1567 1266 1636 1292; x_wconf 84' lang='lat' dir='ltr'>eos</span> <span class='ocrx_word' id='word_1_138' title='bbox 1666 1252 1858 1307; x_wconf 72' lang='lat' dir='ltr'>plaustris</span> <span class='ocrx_word' id='word_1_139' title='bbox 1887 1256 2074 1308; x_wconf 76' lang='lat' dir='ltr'>jungunt,</span> 
     </span>
     <span class='ocr_line' id='line_1_16' title="bbox 396 1326 2077 1384; baseline -0.001 -15"><span class='ocrx_word' id='word_1_140' title='bbox 396 1344 478 1384; x_wconf 82' lang='lat' dir='ltr'>ope</span> <span class='ocrx_word' id='word_1_141' title='bbox 507 1328 730 1369; x_wconf 78' lang='lat' dir='ltr'>transversi</span> <span class='ocrx_word' id='word_1_142' title='bbox 758 1328 845 1382; x_wconf 79' lang='lat' dir='ltr'>jugi</span> <span class='ocrx_word' id='word_1_143' title='bbox 874 1327 984 1367; x_wconf 78' lang='lat' dir='ltr'>inter</span> <span class='ocrx_word' id='word_1_144' title='bbox 1012 1328 1167 1368; x_wconf 79' lang='lat' dir='ltr'>collum</span> <span class='ocrx_word' id='word_1_145' title='bbox 1198 1340 1240 1367; x_wconf 76' lang='lat' dir='ltr'>ct</span> <span class='ocrx_word' id='word_1_146' title='bbox 1270 1327 1452 1383; x_wconf 82' lang='lat' dir='ltr'>primum</span> <span class='ocrx_word' id='word_1_147' title='bbox 1481 1326 1627 1380; x_wconf 78' lang='lat' dir='ltr'>gibber</span> <span class='ocrx_word' id='word_1_148' title='bbox 1654 1326 1864 1382; x_wconf 84' lang='lat' dir='ltr'>impositi3</span> <span class='ocrx_word' id='word_1_149' title='bbox 1895 1327 1971 1367; x_wconf 86' lang='lat' dir='ltr'>tali</span> <span class='ocrx_word' id='word_1_150' title='bbox 1994 1343 2077 1368; x_wconf 85' lang='lat' dir='ltr'>mo·</span> 
     </span>
     <span class='ocr_line' id='line_1_17' title="bbox 394 1401 2078 1458; baseline -0.001 -14"><span class='ocrx_word' id='word_1_151' title='bbox 394 1406 451 1445; x_wconf 83' lang='lat' dir='ltr'>do</span> <span class='ocrx_word' id='word_1_152' title='bbox 481 1405 548 1445; x_wconf 88' lang='lat' dir='ltr'>vel</span> <span class='ocrx_word' id='word_1_153' title='bbox 579 1402 762 1444; x_wconf 76' lang='lat' dir='ltr'>maxima</span> <span class='ocrx_word' id='word_1_154' title='bbox 791 1417 917 1443; x_wconf 76' lang='lat' dir='ltr'>onera</span> <span class='ocrx_word' id='word_1_155' title='bbox 947 1403 1176 1443; x_wconf 77' lang='lat' dir='ltr'>autumnali</span> <span class='ocrx_word' id='word_1_156' title='bbox 1206 1415 1415 1458; x_wconf 81' lang='lat' dir='ltr'>tempore,</span> <span class='ocrx_word' id='word_1_157' title='bbox 1449 1416 1543 1441; x_wconf 79' lang='lat' dir='ltr'>cum</span> <span class='ocrx_word' id='word_1_158' title='bbox 1573 1416 1705 1456; x_wconf 80' lang='lat' dir='ltr'>paene</span> <span class='ocrx_word' id='word_1_159' title='bbox 1736 1401 1875 1442; x_wconf 86' lang='lat' dir='ltr'>inviae</span> <span class='ocrx_word' id='word_1_160' title='bbox 1896 1413 1989 1442; x_wconf 86' lang='lat' dir='ltr'>sunt</span> <span class='ocrx_word' id='word_1_161' title='bbox 2018 1417 2078 1442; x_wconf 85' lang='lat' dir='ltr'>re-</span> 
     </span>
     <span class='ocr_line' id='line_1_18' title="bbox 398 1477 2078 1535; baseline -0.002 -15"><span class='ocrx_word' id='word_1_162' title='bbox 398 1479 565 1535; x_wconf 80' lang='lat' dir='ltr'>giones,</span> <span class='ocrx_word' id='word_1_163' title='bbox 595 1477 718 1518; x_wconf 86' lang='lat' dir='ltr'>facile</span> <span class='ocrx_word' id='word_1_164' title='bbox 748 1477 932 1518; x_wconf 73' lang='lat' dir='ltr'>trahunt.</span> <span class='ocrx_word' id='word_1_165' title='bbox 990 1477 1173 1532; x_wconf 75' lang='lat' dir='ltr'>Fatigati</span> <span class='ocrx_word' id='word_1_166' title='bbox 1203 1489 1340 1517; x_wconf 83' lang='lat' dir='ltr'>autem</span> <span class='ocrx_word' id='word_1_167' title='bbox 1369 1477 1650 1533; x_wconf 79' lang='lat' dir='ltr'>procumbunt</span> <span class='ocrx_word' id='word_1_168' title='bbox 1679 1488 1720 1517; x_wconf 90' lang='lat' dir='ltr'>et</span> <span class='ocrx_word' id='word_1_169' title='bbox 1751 1477 1875 1517; x_wconf 78' lang='lat' dir='ltr'>nullis</span> <span class='ocrx_word' id='word_1_170' title='bbox 1899 1477 2078 1518; x_wconf 83' lang='lat' dir='ltr'>verberi-</span> 
     </span>
     <span class='ocr_line' id='line_1_19' title="bbox 397 1551 2077 1608; baseline -0.001 -13"><span class='ocrx_word' id='word_1_171' title='bbox 397 1557 473 1595; x_wconf 82' lang='lat' dir='ltr'>bus</span> <span class='ocrx_word' id='word_1_172' title='bbox 503 1570 525 1594; x_wconf 90' lang='lat' dir='ltr'>e</span> <span class='ocrx_word' id='word_1_173' title='bbox 555 1556 649 1594; x_wconf 89' lang='lat' dir='ltr'>loco</span> <span class='ocrx_word' id='word_1_174' title='bbox 678 1552 783 1608; x_wconf 85' lang='lat' dir='ltr'>pelli</span> <span class='ocrx_word' id='word_1_175' title='bbox 812 1564 1003 1607; x_wconf 82' lang='lat' dir='ltr'>possunt,</span> <span class='ocrx_word' id='word_1_176' title='bbox 1035 1552 1162 1592; x_wconf 84' lang='lat' dir='ltr'>etiam</span> <span class='ocrx_word' id='word_1_177' title='bbox 1193 1552 1319 1592; x_wconf 81' lang='lat' dir='ltr'>nimis</span> <span class='ocrx_word' id='word_1_178' title='bbox 1350 1551 1532 1601; x_wconf 83' lang='lat' dir='ltr'>onerati⁷</span> <span class='ocrx_word' id='word_1_179' title='bbox 1572 1553 1645 1592; x_wconf 88' lang='lat' dir='ltr'>sed</span> <span class='ocrx_word' id='word_1_180' title='bbox 1674 1568 1810 1594; x_wconf 87' lang='lat' dir='ltr'>morsu</span> <span class='ocrx_word' id='word_1_181' title='bbox 1840 1563 1882 1592; x_wconf 89' lang='lat' dir='ltr'>et</span> <span class='ocrx_word' id='word_1_182' title='bbox 1911 1555 2077 1593; x_wconf 83' lang='lat' dir='ltr'>saburra</span> 
     </span>
     <span class='ocr_line' id='line_1_20' title="bbox 397 1627 2077 1684; baseline 0 -15"><span class='ocrx_word' id='word_1_183' title='bbox 397 1627 623 1670; x_wconf 79' lang='lat' dir='ltr'>ventriculi</span> <span class='ocrx_word' id='word_1_184' title='bbox 654 1643 844 1669; x_wconf 83' lang='lat' dir='ltr'>succusso</span> <span class='ocrx_word' id='word_1_185' title='bbox 865 1627 1014 1684; x_wconf 80' lang='lat' dir='ltr'>capitis</span> <span class='ocrx_word' id='word_1_186' title='bbox 1045 1632 1182 1681; x_wconf 78' lang='lat' dir='ltr'>ejectu</span> <span class='ocrx_word' id='word_1_187' title='bbox 1212 1643 1253 1668; x_wconf 92' lang='lat' dir='ltr'>se</span> <span class='ocrx_word' id='word_1_188' title='bbox 1285 1628 1528 1668; x_wconf 85' lang='lat' dir='ltr'>defendunt.</span> <span class='ocrx_word' id='word_1_189' title='bbox 1587 1627 1779 1669; x_wconf 86' lang='lat' dir='ltr'>Ululatus</span> <span class='ocrx_word' id='word_1_190' title='bbox 1810 1629 2077 1675; x_wconf 85' lang='lat' dir='ltr'>camelorum,</span> 
     </span>
     <span class='ocr_line' id='line_1_21' title="bbox 395 1702 2076 1761; baseline -0.001 -16"><span class='ocrx_word' id='word_1_191' title='bbox 395 1704 641 1761; x_wconf 85' lang='lat' dir='ltr'>praesertim</span> <span class='ocrx_word' id='word_1_192' title='bbox 682 1703 960 1758; x_wconf 79' lang='lat' dir='ltr'>vespertinus,</span> <span class='ocrx_word' id='word_1_193' title='bbox 1006 1704 1130 1757; x_wconf 76' lang='lat' dir='ltr'>longe</span> <span class='ocrx_word' id='word_1_194' title='bbox 1174 1702 1480 1750; x_wconf 78' lang='lat' dir='ltr'>exaudiendus,</span> <span class='ocrx_word' id='word_1_195' title='bbox 1523 1703 1678 1759; x_wconf 84' lang='lat' dir='ltr'>partim</span> <span class='ocrx_word' id='word_1_196' title='bbox 1716 1703 1822 1744; x_wconf 85' lang='lat' dir='ltr'>asini</span> <span class='ocrx_word' id='word_1_197' title='bbox 1859 1703 2076 1754; x_wconf 68' lang='lat' dir='ltr'>metientis,</span> 
     </span>
     <span class='ocr_line' id='line_1_22' title="bbox 395 1776 2076 1835; baseline -0.001 -15"><span class='ocrx_word' id='word_1_198' title='bbox 395 1780 550 1835; x_wconf 85' lang='lat' dir='ltr'>partim</span> <span class='ocrx_word' id='word_1_199' title='bbox 567 1779 680 1819; x_wconf 87' lang='lat' dir='ltr'>canis</span> <span class='ocrx_word' id='word_1_200' title='bbox 703 1777 900 1817; x_wconf 87' lang='lat' dir='ltr'>ululantis</span> <span class='ocrx_word' id='word_1_201' title='bbox 923 1776 1085 1817; x_wconf 82' lang='lat' dir='ltr'>similis.</span> <span class='ocrx_word' id='word_1_202' title='bbox 1145 1778 1319 1817; x_wconf 83' lang='lat' dir='ltr'>Ululant</span> <span class='ocrx_word' id='word_1_203' title='bbox 1344 1788 1483 1816; x_wconf 87' lang='lat' dir='ltr'>autem</span> <span class='ocrx_word' id='word_1_204' title='bbox 1507 1776 1740 1817; x_wconf 84' lang='lat' dir='ltr'>hianteore.</span> <span class='ocrx_word' id='word_1_205' title='bbox 1765 1803 1813 1808; x_wconf 79' lang='lat'>—-</span> <span class='ocrx_word' id='word_1_206' title='bbox 1845 1779 1970 1832; x_wconf 83' lang='lat' dir='ltr'>Apud</span> <span class='ocrx_word' id='word_1_207' title='bbox 2000 1782 2076 1819; x_wconf 85' lang='lat' dir='ltr'>Bu-</span> 
     </span>
     <span class='ocr_line' id='line_1_23' title="bbox 393 1850 2077 1907; baseline 0 -13"><span class='ocrx_word' id='word_1_208' title='bbox 393 1865 527 1895; x_wconf 79' lang='lat' dir='ltr'>raetos</span> <span class='ocrx_word' id='word_1_209' title='bbox 558 1851 710 1907; x_wconf 77' lang='lat' dir='ltr'>singuli</span> <span class='ocrx_word' id='word_1_210' title='bbox 747 1850 920 1900; x_wconf 82' lang='lat' dir='ltr'>cameli,</span> <span class='ocrx_word' id='word_1_211' title='bbox 962 1850 1063 1890; x_wconf 86' lang='lat' dir='ltr'>licet</span> <span class='ocrx_word' id='word_1_212' title='bbox 1092 1851 1226 1890; x_wconf 88' lang='lat' dir='ltr'>multo</span> <span class='ocrx_word' id='word_1_213' title='bbox 1256 1850 1458 1899; x_wconf 79' lang='lat' dir='ltr'>minores,</span> <span class='ocrx_word' id='word_1_214' title='bbox 1489 1862 1585 1891; x_wconf 86' lang='lat' dir='ltr'>octo</span> <span class='ocrx_word' id='word_1_215' title='bbox 1613 1852 1681 1891; x_wconf 83' lang='lat' dir='ltr'>vel</span> <span class='ocrx_word' id='word_1_216' title='bbox 1712 1852 1858 1893; x_wconf 81' lang='lat' dir='ltr'>decem</span> <span class='ocrx_word' id='word_1_217' title='bbox 1887 1853 2005 1907; x_wconf 88' lang='lat' dir='ltr'>equis</span> <span class='ocrx_word' id='word_1_218' title='bbox 2034 1865 2077 1894; x_wconf 86' lang='lat' dir='ltr'>et</span> 
     </span>
     <span class='ocr_line' id='line_1_24' title="bbox 393 1925 2075 1985; baseline 0.002 -17"><span class='ocrx_word' id='word_1_219' title='bbox 393 1938 444 1979; x_wconf 75' lang='lat'>40</span> <span class='ocrx_word' id='word_1_220' title='bbox 477 1928 739 1969; x_wconf 68' lang='lat' dir='ltr'>Rublonibus</span> <span class='ocrx_word' id='word_1_221' title='bbox 769 1926 1048 1967; x_wconf 79' lang='lat' dir='ltr'>aestimantur.</span> <span class='ocrx_word' id='word_1_222' title='bbox 1118 1926 1353 1968; x_wconf 85' lang='lat' dir='ltr'>Calmuccis</span> <span class='ocrx_word' id='word_1_223' title='bbox 1389 1925 1433 1965; x_wconf 85' lang='lat' dir='ltr'>in</span> <span class='ocrx_word' id='word_1_224' title='bbox 1463 1927 1596 1966; x_wconf 85' lang='lat' dir='ltr'>multo</span> <span class='ocrx_word' id='word_1_225' title='bbox 1625 1927 1773 1981; x_wconf 73' lang='lat' dir='ltr'>majori</span> <span class='ocrx_word' id='word_1_226' title='bbox 1803 1941 1897 1969; x_wconf 88' lang='lat' dir='ltr'>sunt</span> <span class='ocrx_word' id='word_1_227' title='bbox 1924 1931 2075 1985; x_wconf 82' lang='lat' dir='ltr'>pretio,</span> 
     </span>
     <span class='ocr_line' id='line_1_25' title="bbox 389 2001 2075 2059; baseline 0.002 -15"><span class='ocrx_word' id='word_1_228' title='bbox 389 2016 431 2046; x_wconf 87' lang='lat' dir='ltr'>et</span> <span class='ocrx_word' id='word_1_229' title='bbox 461 2004 505 2044; x_wconf 89' lang='lat' dir='ltr'>in</span> <span class='ocrx_word' id='word_1_230' title='bbox 534 2003 713 2044; x_wconf 79' lang='lat' dir='ltr'>Taurica</span> <span class='ocrx_word' id='word_1_231' title='bbox 751 2004 858 2043; x_wconf 86' lang='lat' dir='ltr'>ultra</span> <span class='ocrx_word' id='word_1_232' title='bbox 895 2014 1064 2043; x_wconf 86' lang='lat' dir='ltr'>centum</span> <span class='ocrx_word' id='word_1_233' title='bbox 1101 2001 1363 2042; x_wconf 68' lang='lat' dir='ltr'>Rublonibus</span> <span class='ocrx_word' id='word_1_234' title='bbox 1401 2013 1603 2044; x_wconf 82' lang='lat' dir='ltr'>constant.</span> <span class='ocrx_word' id='word_1_235' title='bbox 1675 2004 1784 2059; x_wconf 89' lang='lat' dir='ltr'>Equi</span> <span class='ocrx_word' id='word_1_236' title='bbox 1811 2020 1894 2045; x_wconf 89' lang='lat' dir='ltr'>non</span> <span class='ocrx_word' id='word_1_237' title='bbox 1923 2006 2075 2047; x_wconf 83' lang='lat' dir='ltr'>assueti</span> 
     </span>
     <span class='ocr_line' id='line_1_26' title="bbox 386 2076 2074 2134; baseline 0.001 -13"><span class='ocrx_word' id='word_1_238' title='bbox 386 2080 566 2121; x_wconf 84' lang='lat' dir='ltr'>camelos</span> <span class='ocrx_word' id='word_1_239' title='bbox 609 2078 929 2134; x_wconf 83' lang='lat' dir='ltr'>perhorrescunt</span> <span class='ocrx_word' id='word_1_240' title='bbox 971 2088 1013 2117; x_wconf 87' lang='lat' dir='ltr'>et</span> <span class='ocrx_word' id='word_1_241' title='bbox 1058 2079 1108 2117; x_wconf 86' lang='lat' dir='ltr'>ab</span> <span class='ocrx_word' id='word_1_242' title='bbox 1150 2077 1201 2117; x_wconf 89' lang='lat' dir='ltr'>iis</span> <span class='ocrx_word' id='word_1_243' title='bbox 1242 2076 1287 2116; x_wconf 88' lang='lat' dir='ltr'>in</span> <span class='ocrx_word' id='word_1_244' title='bbox 1331 2078 1470 2132; x_wconf 81' lang='lat' dir='ltr'>fugam</span> <span class='ocrx_word' id='word_1_245' title='bbox 1501 2090 1694 2133; x_wconf 79' lang='lat' dir='ltr'>aguntur,</span> <span class='ocrx_word' id='word_1_246' title='bbox 1739 2082 1847 2120; x_wconf 83' lang='lat' dir='ltr'>unde</span> <span class='ocrx_word' id='word_1_247' title='bbox 1876 2080 1920 2120; x_wconf 87' lang='lat' dir='ltr'>in</span> <span class='ocrx_word' id='word_1_248' title='bbox 1950 2081 2074 2122; x_wconf 83' lang='lat' dir='ltr'>bellis</span> 
     </span>
     <span class='ocr_line' id='line_1_27' title="bbox 387 2142 2073 2211; baseline 0.001 -15"><span class='ocrx_word' id='word_1_249' title='bbox 387 2142 531 2197; x_wconf 83' lang='lat' dir='ltr'>contra</span> <span class='ocrx_word' id='word_1_250' title='bbox 560 2154 792 2210; x_wconf 79' lang='lat' dir='ltr'>equitatum</span> <span class='ocrx_word' id='word_1_251' title='bbox 821 2155 1016 2209; x_wconf 81' lang='lat' dir='ltr'>prodesse</span> <span class='ocrx_word' id='word_1_252' title='bbox 1045 2164 1230 2209; x_wconf 84' lang='lat' dir='ltr'>possunt.</span> <span class='ocrx_word' id='word_1_253' title='bbox 1288 2153 1357 2192; x_wconf 84' lang='lat' dir='ltr'>Ad</span> <span class='ocrx_word' id='word_1_254' title='bbox 1387 2153 1664 2204; x_wconf 82' lang='lat' dir='ltr'>Plescoviam,</span> <span class='ocrx_word' id='word_1_255' title='bbox 1705 2155 1822 2195; x_wconf 89' lang='lat' dir='ltr'>brevi</span> <span class='ocrx_word' id='word_1_256' title='bbox 1850 2167 1944 2211; x_wconf 86' lang='lat' dir='ltr'>post</span> <span class='ocrx_word' id='word_1_257' title='bbox 1971 2160 2073 2197; x_wconf 87' lang='lat' dir='ltr'>Nar-</span> 
     </span>
     <span class='ocr_line' id='line_1_28' title="bbox 386 2228 2069 2284; baseline -0.001 -12"><span class='ocrx_word' id='word_1_258' title='bbox 386 2247 555 2272; x_wconf 88' lang='lat' dir='ltr'>vensem</span> <span class='ocrx_word' id='word_1_259' title='bbox 584 2231 768 2279; x_wconf 86' lang='lat' dir='ltr'>cladem,</span> <span class='ocrx_word' id='word_1_260' title='bbox 809 2229 1042 2284; x_wconf 84' lang='lat' dir='ltr'>equitatum</span> <span class='ocrx_word' id='word_1_261' title='bbox 1085 2231 1310 2269; x_wconf 88' lang='lat' dir='ltr'>Suecorum</span> <span class='ocrx_word' id='word_1_262' title='bbox 1337 2228 1382 2269; x_wconf 88' lang='lat' dir='ltr'>in</span> <span class='ocrx_word' id='word_1_263' title='bbox 1411 2229 1550 2283; x_wconf 82' lang='lat' dir='ltr'>fugam</span> <span class='ocrx_word' id='word_1_264' title='bbox 1588 2241 1800 2271; x_wconf 80' lang='lat' dir='ltr'>verterunt</span> <span class='ocrx_word' id='word_1_265' title='bbox 1839 2232 1990 2272; x_wconf 84' lang='lat' dir='ltr'>cameli</span> <span class='ocrx_word' id='word_1_266' title='bbox 2019 2233 2069 2271; x_wconf 87' lang='lat' dir='ltr'>ab</span> 
     </span>
     <span class='ocr_line' id='line_1_29' title="bbox 387 2304 2069 2360; baseline -0.001 -14"><span class='ocrx_word' id='word_1_267' title='bbox 387 2305 618 2346; x_wconf 84' lang='lat' dir='ltr'>auxiliariis</span> <span class='ocrx_word' id='word_1_268' title='bbox 647 2305 882 2347; x_wconf 87' lang='lat' dir='ltr'>Calmuccis</span> <span class='ocrx_word' id='word_1_269' title='bbox 911 2304 956 2344; x_wconf 90' lang='lat' dir='ltr'>in</span> <span class='ocrx_word' id='word_1_270' title='bbox 985 2305 1164 2360; x_wconf 87' lang='lat' dir='ltr'>primam</span> <span class='ocrx_word' id='word_1_271' title='bbox 1195 2305 1329 2345; x_wconf 83' lang='lat' dir='ltr'>aciem</span> <span class='ocrx_word' id='word_1_272' title='bbox 1360 2304 1443 2345; x_wconf 85' lang='lat' dir='ltr'>acti</span> <span class='ocrx_word' id='word_1_273' title='bbox 1472 2306 1650 2359; x_wconf 79' lang='lat' dir='ltr'>(Perry</span> <span class='ocrx_word' id='word_1_274' title='bbox 1678 2307 1789 2347; x_wconf 73' lang='lat' dir='ltr'>State</span> <span class='ocrx_word' id='word_1_275' title='bbox 1837 2309 1886 2359; x_wconf 85' lang='lat' dir='ltr'>of</span> <span class='ocrx_word' id='word_1_276' title='bbox 1910 2308 2069 2352; x_wconf 71' lang='lat' dir='ltr'>Russia,</span> 
     </span>
    </p>
   </div>
   <div class='ocr_carea' id='block_1_3' title="bbox 392 2378 2070 2437">
    <p class='ocr_par' dir='ltr' id='par_1_3' title="bbox 392 2378 2070 2437">
     <span class='ocr_line' id='line_1_30' title="bbox 392 2378 2070 2437; baseline 0 -17"><span class='ocrx_word' id='word_1_277' title='bbox 392 2379 588 2429; x_wconf 79' lang='lat' dir='ltr'>London‚</span> <span class='ocrx_word' id='word_1_278' title='bbox 633 2389 746 2435; x_wconf 83' lang='lat'>1716.</span> <span class='ocrx_word' id='word_1_279' title='bbox 778 2388 854 2423; x_wconf 85' lang='grc' dir='ltr'>8υο</span> <span class='ocrx_word' id='word_1_280' title='bbox 883 2397 922 2437; x_wconf 88' lang='lat' dir='ltr'>p.</span> <span class='ocrx_word' id='word_1_281' title='bbox 955 2384 1068 2436; x_wconf 80' lang='lat'><strong><em>277.)</em></strong></span> <span class='ocrx_word' id='word_1_282' title='bbox 1133 2381 1295 2423; x_wconf 75' lang='lat' dir='ltr'>Came—li</span> <span class='ocrx_word' id='word_1_283' title='bbox 1325 2380 1534 2423; x_wconf 82' lang='lat' dir='ltr'>foeminae</span> <span class='ocrx_word' id='word_1_284' title='bbox 1565 2381 1714 2437; x_wconf 74' lang='lat' dir='ltr'>quibus</span> <span class='ocrx_word' id='word_1_285' title='bbox 1744 2395 1889 2423; x_wconf 79' lang='lat' dir='ltr'>exosus</span> <span class='ocrx_word' id='word_1_286' title='bbox 1919 2378 2070 2420; x_wconf 84' lang='lat' dir='ltr'>hinnu-</span> 
     </span>
    </p>
   </div>
  </div>
 </body>
</html>
