2196 2927
935 181 1079 205 ——--
1755 185 1838 222 275

172 295 381 339 parantur.
442 282 668 338 Captorum
711 279 849 322 crania
890 277 1122 333 Samojedi,
1166 279 1272 334 palis
1315 281 1480 329 suffixa,
1522 295 1596 337 pro
1641 280 1843 322 sacrificio

172 370 368 399 statuunt.
427 359 566 398 Etiam
595 358 705 397 circa
734 355 973 395 Americam
1004 365 1047 393 et
1083 353 1127 393 in
1157 355 1272 394 omni
1300 357 1403 395 mari
1438 359 1565 397 boreo
1608 358 1842 411 frequentes

173 444 266 473 sunt
295 445 337 473 et
364 433 408 473 in
437 433 564 473 fluvio
593 434 632 471 S.
663 428 876 470 Laurentii
906 430 1150 483 Quebecum
1173 444 1299 483 usque
1326 431 1489 470 favente
1533 443 1645 471 aestu
1679 433 1843 472 adscen-

173 510 288 549 dunt.
346 507 681 563 Descriptionem
711 503 1004 560 prolixiorem,
1035 519 1129 543 cum
1158 506 1366 543 Anatome
1397 516 1439 544 et
1468 506 1660 547 Iconibus
1691 506 1839 547 mereri

172 583 338 623 videtur
366 582 468 622 haec
498 581 657 637 species
687 597 709 620 a
738 579 906 620 nemine
936 595 989 619 ex
1019 580 1200 635 professo
1231 579 1450 634 descripta.

304 659 472 698 Descr.
531 658 688 712 Corpus
730 655 1135 710 duoclecimpedale‚
1177 654 1516 703 teretiusculurn,
1560 656 1842 697 subventrico-

171 748 280 780 sum,
323 747 459 772 versus
500 733 671 772 caudam
708 730 1146 777 tereti-attenuatum,
1192 745 1329 770 versus
1368 741 1490 785 caput
1533 731 1755 778 declivius,
1798 731 1842 770 in

170 807 311 848 medio
356 808 476 847 dorso
519 807 668 847 leviter
710 807 896 861 gibbum.
967 808 1100 861 Caput
1138 817 1267 846 rostro
1308 807 1452 846 obtuse
1491 805 1617 860 gibbo
1647 817 1841 854 retusum,

171 887 252 923 oris
282 893 472 936 apertura
503 882 707 923 mediocri
737 882 950 936 obliquata
980 882 1053 920 sed
1083 882 1253 922 reducto
1288 881 1394 921 rictu
1430 881 1678 929 dilatabi1253
1716 885 1843 936 spira-

170 961 261 998 culo
297 956 341 995 in
378 957 517 996 medio
559 956 716 997 vertice
759 956 944 996 solitario
988 956 1150 1003 lunato,
1192 956 1356 996 valvula
1394 955 1672 1003 connivente3
1717 960 1843 996 oculis

171 1030 328 1087 parvis,
371 1032 534 1072 naribus
570 1032 714 1078 nulls,
753 1037 861 1086 poris
898 1032 1112 1071 auditoriis
1150 1030 1348 1071 minimis.
1419 1033 1570 1071 Pinnae
1611 1031 1842 1085 pectorales
1889 1030 1895 1033 ’

173 1121 247 1160 pro
277 1105 386 1145 mole
417 1106 607 1146 animalis
637 1106 892 1146 minusculae
929 1106 1397 1160 ovato—trapezoideae3
1442 1106 1738 1161 pinguinosae,
1780 1105 1842 1145 in-

170 1191 234 1219 tus
273 1180 454 1233 quinque
494 1180 721 1234 digitorum
761 1179 1037 1235 phalangibus
1075 1181 1288 1228 suffultae,
1328 1196 1432 1235 quae
1468 1192 1581 1221 tactu
1610 1179 1843 1236 percipien-

168 1255 266 1301 dae;
298 1254 469 1293 dorsalis
498 1255 624 1295 nulla.
691 1256 820 1294 Pinna
849 1255 1004 1294 caudae
1040 1256 1202 1302 bssloba,
1239 1255 1346 1294 lobis
1385 1255 1706 1310 approximatis,
1752 1257 1843 1295 sub-

169 1329 485 1383 triangularibus
515 1342 702 1370 extremo
731 1329 956 1370 latissimis.
1024 1332 1203 1370 Maaezlla
1233 1342 1404 1384 utraque
1435 1331 1624 1377 dentata,
1665 1345 1747 1370 non
1784 1345 1843 1370 sa-

169 1403 222 1443 tis
253 1403 529 1444 determinato
558 1420 748 1454 numero,
793 1404 911 1459 apice
954 1406 1194 1452 edentulae3
1238 1406 1374 1446 dentes
1417 1406 1640 1454 distantes,
1685 1406 1845 1446 alterne

171 1486 391 1527 coeuntes,
432 1478 477 1518 in
522 1485 722 1535 superiore
766 1480 938 1520 maxilla
980 1480 1173 1534 utrinque
1218 1482 1268 1519 ad
1309 1495 1480 1529 novem,
1525 1480 1841 1531 comeo-acuti,

172 1563 400 1592 antrorsum
438 1553 651 1603 inclinati,
698 1554 857 1608 postice
895 1555 1110 1601 excavati,
1154 1554 1197 1593 in
1235 1557 1416 1606 inferiore
1453 1565 1548 1593 octo
1585 1556 1652 1593 vel
1688 1571 1841 1596 novem

170 1627 329 1673 obtusi,
361 1628 584 1668 anteriores
615 1640 842 1669 antrorsum
870 1631 1121 1685 posteriores
1152 1640 1372 1668 retrorsum
1398 1628 1606 1668 inelimati
1636 1629 1741 1681 (vid.
1757 1630 1840 1671 ico-

171 1716 268 1740 nem
298 1703 428 1742 cranii
458 1703 501 1743 in
530 1707 712 1744 Itinerar.
744 1704 829 1744 mei
861 1707 949 1745 Vol.
980 1708 1089 1757 HL).
1148 1708 1195 1743 In
1225 1703 1452 1753 junioribus
1483 1704 1671 1744 (lentium
1700 1720 1840 1745 nurne-

172 1792 235 1815 rus
265 1792 347 1817 uno
376 1778 559 1818 alterove
591 1779 738 1819 minor.
757 1805 804 1810 —
834 1781 1088 1834 Spiraculum
1125 1794 1195 1819 seu
1233 1779 1366 1818 fistula
1408 1783 1450 1831 (e
1481 1795 1560 1833 qua
1592 1795 1737 1834 aquam
1768 1795 1837 1820 ore

171 1864 396 1906 resorptam
425 1853 522 1893 satis
565 1854 645 1894 alte
677 1856 870 1907 ejatulat)
915 1855 1057 1896 medio
1087 1853 1244 1894 vertice
1273 1853 1381 1894 inter
1409 1855 1549 1895 oculos
1573 1855 1838 1896 convexitate

171 1939 294 1964 ovum
323 1927 597 1979 gallinaceum
629 1941 829 1983 aequante
859 1930 1087 1984 prominet,
1127 1940 1316 1983 apertura
1356 1930 1523 1984 gemino
1560 1945 1655 1970 arcu
1685 1930 1837 1981 lunata,

172 2010 215 2038 ut
245 2000 360 2054 quasi
389 2003 543 2056 duplex
575 2015 790 2057 appareat,
838 2005 1099 2059 longitudine
1129 2003 1387 2057 bipollicari,
1433 2015 1476 2043 et
1519 2004 1590 2043 vix
1628 2004 1753 2044 trium
1791 2006 1838 2046 li-

172 2089 340 2114 nearum
370 2077 502 2130 spatio
532 2076 664 2116 hians.
724 2078 841 2119 Cutis
872 2094 944 2132 per
972 2078 1175 2118 orificium
1211 2077 1326 2130 quasi
1362 2078 1587 2118 inflectitur
1624 2090 1665 2119 et
1702 2080 1837 2122 antice

173 2150 322 2188 format
351 2154 557 2190 valvulam
584 2152 850 2206 papillarem,
880 2154 1072 2201 mollem,
1111 2151 1351 2206 epiglottidi
1381 2154 1723 2207 comparabilem,
1768 2172 1836 2197 ex-

172 2235 310 2262 ternas
339 2223 508 2275 injurias
538 2236 759 2265 arcentem.
818 2227 933 2267 Cutis
964 2227 1007 2266 in
1037 2227 1202 2266 valvula
1230 2226 1302 2267 vix
1335 2234 1402 2267 ΞΜ.
1432 2243 1586 2278 crassa,
1629 2231 1699 2271 sed
1728 2231 1837 2272 intus

173 2300 321 2338 format
353 2310 395 2339 et
423 2300 597 2340 sustinet
626 2301 814 2340 valvulae
844 2301 887 2340 in
918 2302 1097 2356 speciem
1137 2318 1281 2351 corpus
1308 2301 1526 2358 insigniter
1554 2307 1836 2360 protuberans,

176 2373 416 2428 bipollicari
445 2375 649 2426 crassitie,
686 2392 708 2416 e
737 2378 927 2418 fibrarum
957 2378 1245 2419 tendinearum
1275 2379 1402 2435 plexu
1441 2380 1552 2421 varie
1582 2381 1625 2421 in
1655 2381 1836 2436 ligneam

1394 2461 1411 2478 ’,ξι
