2196 2927
888 206 1032 230 ·---=
1730 202 1787 247 67

121 306 336 347 macilenti
375 307 571 347 evadunt.
644 308 753 344 Toto
793 304 939 357 jejunii
975 314 1162 358 ternpore
1190 304 1404 346 interanea
1433 321 1587 352 vacua,
1627 317 1790 361 praeter

123 397 337 436 spumeum
381 380 580 436 chymum
619 380 663 419 in
705 377 932 425 intestini83
982 376 1026 417 in
1062 389 1175 418 recto
1217 393 1479 421 excrementa
1521 380 1738 422 durissima
1767 395 1790 420 e

122 457 238 496 foece
269 456 486 512 superstite
514 463 824 500 coacervantur,
867 467 972 507 quae
1013 468 1152 493 ursum
1193 467 1288 493 vere
1330 467 1544 496 venatores
1588 457 1791 497 affirmant

121 545 242 586 saepe
273 530 469 584 sanguine
498 528 630 568 mixta
659 539 701 568 et
729 542 821 568 cum
852 528 1031 568 clamore
1053 543 1299 578 excernere,
1330 540 1446 569 tanto
1462 530 1572 579 nisu,
1602 542 1647 570 ut
1661 531 1790 571 etiam

123 607 310 645 arborem
338 604 573 660 amplexam
602 614 743 643 teneat
771 614 813 642 et
841 602 1045 657 unguibus
1087 604 1260 650 laceret3
1303 607 1417 658 cujus
1446 603 1555 643 circa
1584 603 1788 658 hyberna-

121 682 233 728 cula,
277 694 380 734 quae
424 677 644 733 quotannis
686 678 857 732 repetit,
900 678 1123 733 pleraeque
1167 680 1329 718 arbores
1372 680 1528 727 laesae,
1586 679 1790 733 ramisque

119 753 382 794 inferioribus
412 752 632 793 confractis
660 752 900 793 testimonia
930 753 1078 793 ferunt.
1136 755 1384 794 Stellerus
1429 754 1603 793 affirmat
1646 768 1687 793 se
1730 769 1792 793 ca—

120 844 217 868 num
247 828 428 868 adinstar
469 828 581 868 coire
622 843 734 868 ursos
776 828 927 868 vidisse
956 827 1000 868 in
1030 828 1338 878 Camtschatca,
1386 844 1464 869 nec
1504 844 1685 883 unquam
1714 827 1790 876 ibi,

119 905 220 943 licet
248 902 560 943 familiarissimi
589 903 692 952 ursi,
724 903 907 943 auditam
935 903 998 943 ibi
1029 904 1229 952 fabulam,
1261 906 1312 944 de
1342 916 1481 958 stupro
1512 905 1561 944 ab
1591 903 1676 942 illis
1706 904 1789 943 foe-

120 979 257 1019 minae
286 979 417 1017 illato.
476 979 583 1033 Equi
614 990 654 1018 et
684 994 854 1027 vaccae,
886 980 1035 1019 eodem
1063 980 1292 1028 referente,
1336 980 1380 1019 in
1410 977 1703 1019 Camtschatca
1731 994 1793 1018 ur-

119 1069 208 1093 sum
238 1068 320 1093 non
348 1052 520 1101 timent,
563 1052 649 1093 imo
690 1053 918 1107 fugientem
959 1053 1097 1108 potius
1140 1053 1428 1109 insequuntur3
1471 1065 1514 1093 et
1553 1053 1596 1093 in
1640 1052 1793 1093 Sibiria

121 1127 387 1168 animosiores
417 1142 542 1180 equos
571 1127 615 1166 in
644 1142 781 1166 ursuni
810 1143 926 1168 ruere
967 1139 1010 1168 et
1051 1127 1198 1168 anticis
1240 1143 1334 1168 eum
1377 1128 1542 1182 ungulis
1587 1127 1791 1168 occidisse

118 1202 207 1257 ipse
236 1201 414 1241 vidi.—
457 1205 519 1241 De
550 1202 665 1241 nullo
695 1201 866 1241 animali
906 1213 970 1242 tot
1012 1204 1120 1257 apud
1162 1204 1305 1257 vulgus
1347 1204 1530 1248 fabulae,
1576 1218 1702 1256 quam
1743 1202 1795 1241 de

118 1267 226 1318 urso.
297 1276 488 1317 Ethnicis
529 1276 772 1332 praesertim
814 1291 889 1331 pro
930 1280 1058 1330 justo,
1102 1287 1144 1316 et
1187 1277 1396 1317 mendacii
1438 1277 1572 1317 ultore
1601 1276 1792 1324 habetur,

119 1353 229 1392 unde
259 1351 563 1392 sanctissimum
591 1351 675 1391 illis
713 1354 988 1404 juramentum
1031 1352 1218 1391 admorsa
1255 1352 1366 1406 pelle
1407 1351 1544 1391 ursina
1586 1363 1792 1391 exactum.

119 1426 253 1467 Jacuti
295 1427 530 1466 fabulantur
571 1426 724 1481 hyeme
768 1427 989 1467 cubantem
1026 1442 1162 1466 ursum
1191 1426 1330 1467 onmia
1360 1426 1520 1466 eminus
1550 1427 1794 1473 auscultare,

120 1500 300 1555 ideoque
329 1500 628 1541 contumeliose
657 1512 755 1542 tunc
785 1502 834 1540 (le
865 1516 915 1541 eo
943 1501 1059 1556 loqui
1087 1501 1256 1549 timent3
1301 1512 1443 1541 contra
1485 1512 1637 1541 aestate
1675 1501 1795 1554 gulae

121 1575 276 1630 potius,
321 1590 444 1629 quam
485 1576 618 1615 famae
655 1576 884 1615 studiosum
914 1589 1013 1615 esse.
1086 1579 1133 1615 In
1163 1575 1364 1615 circulum
1393 1591 1604 1629 nunquam
1632 1588 1795 1615 currere

123 1649 296 1696 dicitur,
338 1650 409 1688 sed
450 1649 714 1689 semicirculo
756 1651 865 1688 facto
907 1649 1056 1688 redire.
1126 1649 1264 1688 Variis
1306 1649 1552 1689 occiduntur
1590 1649 1724 1689 modis
1753 1660 1797 1688 et

124 1723 342 1778 decipulis.
408 1722 646 1771 Baschkiri,
677 1723 941 1762 Uralensium
971 1723 1174 1763 montium
1203 1723 1386 1770 incolae,
1430 1738 1605 1777 quorum
1635 1723 1795 1762 mellifi-

123 1799 189 1839 cia
216 1799 260 1838 in
290 1797 383 1838 altis
411 1798 512 1837 licet
554 1797 829 1853 pinastrorum
870 1797 1026 1838 truncis
1056 1798 1267 1838 excavatis
1296 1813 1369 1853 per
1397 1799 1532 1852 sylvas
1561 1813 1698 1852 sparsa
1727 1798 1794 1836 de-

124 1874 373 1928 populantur
417 1873 527 1922 ursi,
585 1872 768 1913 maxime
810 1873 961 1912 inFensi
1003 1884 1045 1912 et
1085 1873 1293 1927 ingeniosi
1334 1873 1378 1913 in
1421 1877 1506 1925 ejus
1549 1871 1793 1927 perniciem.

125 1948 424 1989 Orientaliores
452 1948 598 2003 populi
625 1948 669 1987 in
698 1959 930 1988 transcursu
967 1948 1162 2003 sclopetis
1194 1949 1260 1988 vel
1284 1948 1443 2003 sagittis
1466 1948 1681 1993 occidunt;
1711 1947 1796 1986 imo

127 2022 343 2076 agilissimi
371 2034 413 2063 et
450 2022 712 2062 audacissimi
755 2035 990 2072 venatores,
1033 2022 1276 2078 praesertim
1316 2022 1514 2076 Tungusi,
1559 2020 1796 2061 lacessitum

127 2096 313 2136 cominus
356 2113 492 2136 ursum
538 2097 717 2152 pugione
761 2098 1019 2145 adoriuntur,
1062 2109 1259 2151 tantaque
1302 2097 1515 2136 celeritate
1558 2095 1795 2135 circumsul-

126 2182 259 2210 tantes
289 2185 310 2210 e
339 2172 466 2211 latere
495 2172 615 2211 illum
645 2172 908 2220 confodiunt,
951 2183 996 2210 ut
1033 2186 1121 2210 raro
1151 2172 1353 2225 effugere,
1401 2170 1548 2210 illosve
1579 2170 1793 2208 vulnerare

127 2256 264 2300 queat.
322 2245 412 2284 Alii
440 2245 568 2284 hastis
598 2245 814 2300 excipiunt
842 2247 952 2285 nodo
982 2246 1113 2285 ferreo
1141 2246 1248 2285 infra
1277 2246 1491 2300 cuspidem
1522 2244 1711 2293 munitis,
1744 2259 1794 2283 ne

127 2320 285 2360 irruens
314 2336 446 2368 ursus,
491 2330 533 2359 et
562 2321 668 2360 ferro
697 2336 738 2360 se
768 2336 838 2360 sua
866 2332 1010 2376 sponte
1047 2320 1242 2370 induens,
1285 2332 1523 2360 venatorem
1552 2319 1700 2375 palmis
1730 2320 1796 2359 ad-

130 2395 288 2451 tingere
318 2395 460 2451 possit.
533 2396 845 2437 Camtschadali
888 2395 976 2436 viso
1011 2411 1104 2437 urso
1134 2398 1310 2436 cubante
1340 2407 1473 2436 vestes
1502 2395 1700 2452 pelliceas
1729 2396 1797 2434 de-

1432 2477 1452 2496 ἦ
