2196 2927
1115 192 1262 206 —u-

345 206 438 246 204

343 302 594 346 nostratibus
624 295 872 340 animalibus
910 291 1176 335 exactissime
1215 290 1427 332 convenit.
1455 315 1510 323 -—
1551 287 1797 333 Describam
1838 288 1909 331 hic
1939 299 2024 329 mer·

345 395 432 422 rem
461 377 685 432 juniorem,
717 373 762 414 in
792 370 1028 413 subalta'i'cis
1059 369 1335 418 delineatum,
1368 376 1536 408 aestate.

482 455 651 493 Descr.
681 448 927 504 Magnitudo
957 461 1076 501 supra
1106 446 1319 498 rulgarem
1349 447 1526 498 Equum.
1584 441 1760 483 Habitus
1783 440 1959 496 grossior
1982 451 2021 480 ct

344 528 636 585 proportiones
664 525 897 572 breviores,
929 537 1053 577 quam
1084 521 1234 568 Cervi,
1263 536 1285 558 a
1314 535 1395 574 quo
1425 518 1612 558 maxime
1643 532 1743 558 naso
1766 516 1921 573 equino
1950 515 2024 554 dif-

347 606 440 645 fert.
499 605 634 659 Caput
663 602 922 655 elongatum,
961 607 1135 638 rostrum
1172 596 1294 635 valde
1323 609 1625 650 compressum3
1668 609 1790 633 nasus
1819 589 2025 644 cartilagb

347 694 467 728 neus,
498 689 608 718 totus
636 677 816 733 pilosus,
858 688 952 714 cum
981 671 1191 727 superiore
1222 670 1336 711 labio
1365 685 1498 711 crasso
1527 669 1734 726 prolixus,
1779 669 1886 708 ultra
1916 682 2031 712 mana

350 755 538 794 dibulam
567 751 822 808 prominens:
868 764 984 789 nares
1019 749 1103 787 fere
1143 757 1186 785 ut
1216 746 1415 800 equinae,
1455 746 1756 801 amplissimae,
1800 744 2028 797 oblongae,

349 829 486 869 amice
518 827 701 875 hiantes,
734 824 919 879 margine
949 821 1344 878 prominentissimo.
1412 823 1564 861 Dentes
1591 820 1791 875 primores
1821 831 1916 860 octo
1946 833 2030 858 me-

350 903 531 953 diocres,
563 901 852 956 subaequales‚
898 897 1099 947 convexi,
1145 896 1304 938 extimo
1332 912 1478 952 parurn
1506 895 1724 950 obliquato
1754 907 1796 935 et
1825 909 2029 950 compres-

350 979 471 1019 siore,
529 979 685 1032 Anguli
714 976 796 1017 oris
826 987 867 1016 et
896 977 1051 1015 buccae
1080 973 1193 1013 intus
1222 971 1528 1013 villosissimae.
1595 973 1741 1011 Canini
1776 970 1897 1010 nulli.
1955 969 2031 1009 Or-

351 1053 458 1093 bitae
486 1052 770 1108 proniinulae‚
802 1053 874 1091 sed
892 1053 1011 1104 frons
1040 1049 1152 1089 inter
1180 1063 1334 1088 cornua
1363 1047 1654 1102 protuberans,
1688 1048 1874 1087 adstante
1904 1045 2032 1086 utrin-

351 1143 431 1184 que
463 1128 621 1168 vortice
664 1127 866 1182 pilorum,
911 1136 1005 1165 ante
1048 1126 1165 1164 bases
1210 1138 1409 1163 cornuum
1453 1124 1559 1163 fossa
1602 1134 1838 1163 excavatus.
1911 1122 2032 1162 Oculi

350 1203 490 1259 parvi,
520 1203 690 1243 iridibus
718 1201 862 1245 fusci&
892 1200 1077 1254 margine
1108 1199 1393 1254 palpebrarum
1417 1199 1586 1245 molles,
1616 1198 1862 1253 praesertim
1891 1196 2034 1237 antico

352 1276 507 1318 cantho
536 1278 619 1316 late
636 1278 747 1316 nudo
770 1276 900 1331 nigri,
931 1272 1324 1330 superiorapostico
1352 1272 1505 1313 cantho
1537 1274 1587 1313 ad
1617 1283 1633 1320 g
1662 1272 1772 1313 ciliis
1801 1272 1930 1327 nigris
1961 1287 2032 1312 ex-

349 1352 478 1393 terius
509 1353 692 1393 barbata.
751 1353 868 1392 Sinus
897 1349 1072 1405 exiguus
1101 1349 1217 1389 albus
1245 1359 1340 1388 ante
1372 1349 1535 1397 oculos,
1567 1363 1670 1403 poro
1699 1348 1875 1388 centrali
1904 1361 2034 1389 coeco

351 1439 530 1468 notatus.
589 1429 669 1468 Pili
698 1426 807 1481 nigri
837 1426 964 1480 sparsi
993 1440 1068 1481 per
1096 1423 1217 1464 rostri
1246 1424 1376 1463 latera
1406 1438 1544 1463 versus
1575 1438 1713 1471 nares,
1743 1423 1788 1463 in
1818 1434 1961 1464 mento
1991 1434 2032 1463 et

350 1518 424 1559 per
454 1504 628 1554 orbitas,
659 1502 844 1544 maxime
874 1517 995 1556 supra
1023 1501 1178 1541 oculos.
1238 1501 1320 1540 Sub
1351 1498 1434 1539 ima
1465 1500 1559 1554 gula
1590 1499 1718 1540 barba
1747 1499 1864 1554 nigra
1885 1510 2033 1546 setosa,

348 1578 473 1618 crista
503 1580 771 1619 decrescente
799 1591 874 1632 per
902 1577 1059 1617 collum
1088 1574 1421 1630 longitudinaliS.
1499 1575 1630 1615 Aures
1656 1574 1927 1630 proportione
1959 1573 2035 1614 mi·

347 1669 490 1701 nores,
529 1669 654 1708 quam
684 1668 830 1702 cervo,
874 1652 965 1693 basi
995 1652 1157 1692 clausae
1187 1651 1423 1697 tubulatae,
1465 1650 1689 1691 albidiores
1719 1650 1877 1706 capite,
1920 1650 2032 1690 intus

346 1729 483 1768 nudae
501 1760 511 1777 ‚
555 1743 713 1768 sursum
744 1727 845 1782 pilis
874 1727 974 1767 raris
1005 1726 1155 1766 hirtae.
1227 1728 1389 1766 Cornua
1417 1724 1753 1780 supraorbstafia,
1799 1727 1849 1766 ab
1881 1726 2034 1766 annulo

349 1817 419 1842 seu
450 1818 606 1842 corona
635 1804 780 1842 baseos
809 1802 1050 1856 pedunculo
1078 1801 1346 1855 cylindraceo
1384 1811 1498 1840 recto
1536 1802 1686 1855 angulo
1716 1799 2035 1841 horizontaliter

352 1877 635 1930 divergentia,
673 1876 775 1916 hinc
805 1879 989 1928 (exserto
1020 1886 1249 1916 anti-orsum
1279 1876 1529 1915 subrecurvo
1560 1891 1694 1925 ramo,
1724 1876 1768 1916 in
1798 1875 2039 1916 dexteriore

347 1951 509 2004 trifido)
555 1950 799 1992 latescentia
842 1966 980 1991 versus
1011 1949 1192 1991 micham
1221 1960 1489 1989 recurvantur
1530 1950 1576 1992 in
1604 1951 1787 2006 palmam
1816 1951 1948 1991 tribus
1977 1966 2036 1991 ra·

348 2025 427 2066 mis
457 2025 692 2080 digitatam.
756 2027 878 2067 Rami
907 2037 1007 2066 tunc
1046 2029 1254 2080 (augusto)
1297 2039 1440 2065 omnes
1470 2025 1718 2081 cylindrici,
1760 2026 1897 2068 obtusi
1935 2030 2038 2080 pelle

347 2116 441 2142 cum
471 2101 591 2141 molli
621 2105 765 2142 vellere
795 2116 942 2157 gryseo
972 2102 1086 2142 fusco
1123 2100 1318 2148 obducti,
1346 2101 1499 2156 passim
1530 2101 1682 2142 detrita
1712 2113 1755 2142 et
1785 2102 2035 2142 verminoso-

343 2188 614 2232 suppurante.
673 2178 754 2217 Pili
780 2176 827 2216 in
858 2177 1014 2217 vellere
1054 2192 1254 2218 cornuum
1301 2177 1441 2218 antico
1482 2193 1596 2218 ramo
1640 2179 1690 2219 ab
1732 2178 1850 2234 apice
1893 2191 2032 2217 versus

345 2265 541 2292 coronam
569 2251 692 2299 torsi,
745 2252 911 2292 frontali
955 2253 1045 2307 pilo
1073 2264 1355 2302 occurrente-s,
1397 2252 1442 2293 in
1471 2254 1636 2308 palmae
1665 2254 1787 2294 ramis
1817 2249 2033 2308 superioris

344 2326 420 2365 bus
448 2341 605 2366 sursum
641 2327 840 2374 tendunt,
881 2326 926 2367 in
970 2327 1178 2383 prioribus
1207 2328 1390 2384 oblique.
1420 2352 1475 2359 ——·
1518 2329 1692 2382 Occiput
1732 2342 1842 2385 pone
1884 2340 2035 2366 cornua

343 2399 494 2451 latum,
540 2415 793 2452 convexum3
843 2406 967 2444 crista
998 2413 1136 2444 setosa
1170 2402 1344 2460 insignis
1387 2420 1411 2444 a
1450 2403 1586 2445 nucha
1626 2417 1703 2458 per
1741 2401 1951 2443 cervicem
1994 2411 2035 2441 er
