2196 2927
382 191 470 240 236
1139 201 1283 215 --

379 299 564 346 biennis,
594 297 853 341 Chersoneso
881 297 1123 354 peculiaris,
1151 297 1313 338 Tataris
1341 299 1469 338 Karai
1498 297 1632 348 dicta,
1663 313 1787 355 quam
1816 299 1962 350 etiam,
2001 300 2046 342 li-

380 385 447 415 cet
475 373 769 422 aridissimam,
805 389 880 430 pro
908 373 1095 429 hyemali
1125 374 1278 428 pabulo
1307 373 1474 428 copiose
1504 374 1720 428 colligunt.

515 471 627 511 Oves
655 471 895 511 Nomadum
917 469 1053 525 primo
1075 485 1171 509 vere
1196 468 1420 510 acerrimos
1436 470 1741 510 Pulsatillarum
1764 472 1882 511 flores
1913 475 2049 524 (Mon-

380 545 484 599 golis
518 546 666 600 Urgui)
697 544 818 586 avide
848 546 1122 600 depascuntur
1149 544 1236 584 sine
1266 559 1397 594 noxa,
1429 544 1559 584 immo
1589 544 1639 584 iis
1671 561 1692 585 a
1720 545 1858 586 scabie
1889 557 1931 585 et
1957 546 2047 586 aliis

378 620 533 660 morbis
562 619 824 675 hyemalibus
853 620 938 660 cito
967 630 1172 659 curantur.
1201 644 1256 651 -—
1285 622 1439 660 Matres
1470 633 1594 673 agnos
1631 620 1840 660 interdum
1872 619 2049 660 derelin-

378 704 551 749 quentes
579 694 710 735 iidem
748 695 964 735 Nomadae
1002 693 1133 733 flebili
1175 704 1298 733 cantu
1338 705 1380 734 et
1416 709 1515 734 sono
1556 693 1829 735 monochordi
1860 696 1913 735 ad
1941 710 2046 736 amo-

378 782 470 809 remv
495 770 622 825 prolis
653 769 836 810 excitare
869 770 1038 809 callent.
1057 795 1104 799 —-
1134 769 1262 808 Pelles
1290 768 1397 808 lacte
1429 767 1549 809 acido
1579 769 1738 824 optime
1768 781 1926 824 parant.

513 869 658 905 Persae
696 880 851 921 pugnas
890 864 1065 904 arietum
1101 863 1347 910 instituunt,
1396 879 1500 918 quae
1539 865 1643 904 adeo
1693 866 1856 912 ardent,
1891 876 1936 905 ut
1970 864 2051 904 nisi

378 938 584 980 distractis
604 939 865 988 adversariis,
897 938 1182 979 internecione
1210 938 1444 979 alterutrius
1467 937 1683 979 terminari
1708 940 1868 980 soleant
1898 940 2046 993 (Gme-

377 1016 462 1056 lin.
487 1018 573 1072 jun.
602 1019 646 1056 it.
677 1031 778 1071 pers.
808 1017 883 1054 ΙΙΙ.
913 1031 951 1070 ρ.
986 1021 1075 1066 293.

847 1208 1076 1257 XXVII.
1150 1207 1188 1255 Β
1238 1207 1286 1255 O
1337 1207 1381 1256 V
1432 1209 1471 1258 E
1522 1208 1568 1259 S.

512 1382 649 1423 sidem
692 1380 949 1422 characteres
998 1379 1069 1435 qui
1126 1378 1347 1434 Antilopas
1391 1382 1441 1420 ab
1484 1383 1791 1434 Aegocerotum
1831 1381 2048 1436 speciebus

380 1458 658 1514 distinguunt,
697 1457 864 1496 easdem
901 1469 1065 1510 quoque
1106 1470 1128 1493 a
1155 1452 1313 1494 bovina
1351 1464 1473 1508 gente
1518 1453 1828 1502 disterminant;
1868 1467 1909 1495 et
1938 1455 2047 1496 hanc

377 1533 545 1589 insuper
573 1547 720 1572 cornua
750 1529 878 1584 magis
908 1528 1136 1583 laevigata,
1166 1529 1351 1568 defectus
1379 1533 1488 1569 sacci
1516 1532 1756 1582 lacrymulis
1780 1539 1821 1569 et
1837 1545 2052 1585 scoparum

380 1609 431 1649 ad
460 1623 614 1663 genua,
644 1609 887 1660 ungularum
915 1603 1143 1659 spuriarum
1173 1603 1359 1650 exilitas,
1401 1604 1555 1645 caudae
1585 1603 1804 1659 longitudo
1834 1615 1876 1644 et
1904 1603 2048 1645 hercu-

377 1683 466 1723 leus
495 1683 655 1722 habitus
682 1679 1038 1720 circumscribunt.
1095 1680 1204 1718 Mole
1234 1678 1417 1733 corporis
1446 1678 1652 1718 bovillum
1683 1692 1810 1732 genus
1833 1678 1973 1718 omnia
1995 1680 2047 1718 fa-

378 1756 459 1797 cile
490 1754 761 1796 Ruminantia
791 1764 961 1793 cornuta
992 1763 1176 1807 superat,
1211 1764 1374 1807 praeter
1409 1753 1539 1792 solam
1576 1753 1681 1792 forte
1720 1753 1876 1799 Alcen3
1915 1752 2045 1792 immo

379 1841 493 1870 tanta
522 1828 704 1883 corporis
734 1838 885 1867 statura
914 1827 958 1866 in
986 1829 1094 1866 Bove
1123 1825 1266 1867 indico
1297 1829 1353 1879 (ἡ)
1383 1828 1485 1866 Arni
1514 1826 1647 1876 dicto,
1680 1825 1752 1880 qui
1778 1841 1861 1865 non
1883 1825 1941 1865 ita
1968 1827 2047 1881 pria

379 1905 476 1944 dem
503 1902 686 1944 innotuit
713 1914 755 1942 et
783 1905 895 1955 cujus
925 1899 1123 1941 immania
1153 1900 1292 1940 Crania
1320 1900 1364 1940 in
1401 1900 1626 1941 diluvianis
1665 1900 1801 1940 stratis
1838 1916 1911 1956 per
1942 1900 2047 1941 Sibi-

378 1978 484 2019 riam
513 1993 648 2033 sparsa
679 1977 998 2032 descripseram,
1028 1987 1072 2016 ut
1088 1990 1183 2018 cum
1200 1974 1504 2023 Rhinocerote,
1533 1974 1619 2017 imo
1637 1974 1874 2032 Elephante
1892 1975 2044 2030 magni-

376 2053 524 2095 tudine
553 2053 637 2092 fere
667 2062 811 2092 certet.

439 2223 492 2266 (*)
519 2224 670 2253 Primam
697 2220 878 2261 animalis,
909 2222 1007 2252 chus
1037 2221 1193 2262 ingentia
1220 2220 1341 2251 erania
1368 2217 1507 2251 fossilia
1535 2220 1570 2251 in
1601 2217 1702 2251 Nov.
1731 2216 1903 2251 Comment.
1937 2218 2044 2251 Petro—

520 2283 584 2325 pol.
618 2279 713 2313 Tom.
747 2277 858 2312 XIII.
896 2280 1175 2323 descripseram,
1224 2280 1391 2311 notitiam
1435 2279 1605 2311 debemus
1651 2281 1772 2311 doctiss.
1820 2277 2042 2316 Anderson,

522 2342 604 2382 qui,
633 2342 668 2371 in
690 2342 825 2382 scripto
853 2339 1038 2382 periodico
1067 2338 1141 2372 The
1167 2336 1248 2379 Bes,
1277 2340 1365 2381 (ann.
1403 2348 1499 2377 1792.
1527 2348 1560 2382 p.
1595 2339 1692 2381 105.)
1719 2340 1793 2380 ejus
1815 2337 2042 2380 qualemcun-

520 2408 590 2441 que
625 2401 765 2433 iconem
795 2399 998 2443 divulgavit
1032 2403 1070 2435 et
1103 2400 1334 2434 existenuam
1360 2400 1399 2432 in
1424 2398 1683 2433 remotioribus
1705 2399 1826 2431 Indiae
1852 2394 2039 2428 confirma-
