2196 2927
1798 156 1862 200 IX

194 293 352 336 tudine
390 291 638 348 Europaeis
675 290 931 348 regionibus
971 289 1120 330 calida
1157 299 1202 331 et
1243 289 1346 330 vitis
1385 289 1522 332 feraci
1541 304 1556 343 3
1612 299 1658 331 et
1696 291 1742 332 in
1779 304 1857 348 ge-

193 393 298 420 nere
335 379 468 420 clima
506 379 661 419 harum
705 384 914 416 terrarum
953 375 1085 415 lineis
1131 374 1365 430 parallelis
1403 377 1458 415 ab
1505 376 1740 416 occidente
1781 377 1857 416 bo-

194 464 327 513 reali,
393 476 547 505 versus
594 469 737 502 ortum
776 460 1028 514 hyemalem
1065 460 1213 502 ductis
1251 468 1357 515 apte
1405 460 1686 502 determinari
1721 474 1855 518 posse

192 549 386 590 videtur.

361 632 537 674 Dantur
575 632 620 673 in
658 631 814 673 Bossia
852 645 1077 689 europaea
1114 639 1263 687 partes
1301 631 1600 680 cultissimae,
1664 631 1751 672 imo
1789 632 1856 673 ni-

191 717 270 759 mis
316 718 594 774 populosae,
659 717 737 758 ubi
776 732 799 757 e
838 717 1181 773 quadrupedum
1229 725 1573 772 spontaneorum
1621 724 1666 757 et
1703 716 1858 758 avium

190 803 331 844 classe
369 817 524 859 parum
563 803 726 858 reliqui
764 802 873 843 fecit
910 804 1105 844 humana
1144 801 1375 843 industria.
1482 801 1679 858 Reliqua
1716 801 1856 842 omnis

190 887 369 944 Imperii
407 902 509 944 pars
547 901 704 946 magna
744 902 803 929 ex
848 897 976 944 parte
1014 887 1208 929 Naturae
1247 887 1398 928 adhuc
1436 887 1592 928 relicta
1633 895 1715 928 est.
1808 886 1856 927 In

188 975 275 1015 hac
313 989 467 1015 versus
505 974 733 1015 meridiem
769 975 1028 1029 panduntur
1065 973 1211 1028 campi
1232 972 1471 1014 vastissimi
1509 969 1676 1030 (Step),
1714 971 1856 1013 maxi-

189 1071 300 1100 mam
344 1067 515 1113 partem
557 1058 747 1105 inculti,
810 1072 1012 1115 quosque
1059 1059 1221 1114 partim
1272 1058 1379 1099 mari
1415 1066 1557 1099 tectos
1595 1058 1733 1099 fuisse
1771 1056 1855 1097 vix

188 1151 256 1183 est
298 1143 499 1184 dubium.
609 1140 739 1182 Talis
787 1142 921 1184 etiam
968 1151 1037 1184 est
1085 1143 1297 1184 universa
1343 1142 1435 1184 fere
1472 1140 1658 1184 Tataria
1695 1154 1853 1200 magna

186 1226 300 1270 intra
337 1237 383 1269 et
420 1235 546 1270 extra
583 1226 810 1269 Rossicam
847 1227 1077 1277 ditionem,
1115 1227 1385 1283 alpestribus
1423 1227 1637 1269 tractibus
1658 1226 1853 1280 inclusa,

187 1322 234 1354 et
278 1327 379 1369 pars
425 1313 602 1355 citerior
648 1312 834 1356 Sibiriae
871 1314 987 1354 inter
1025 1312 1131 1355 Irtin
1169 1321 1215 1354 et
1261 1312 1413 1354 Obum
1449 1312 1614 1355 fluvios
1653 1325 1853 1368 compre-

185 1399 339 1440 hensa.
427 1398 603 1440 Dantur
638 1407 805 1440 tractus
844 1399 1040 1441 montani
1076 1400 1132 1440 ab
1170 1399 1563 1440 inclementissimo
1600 1408 1742 1454 usque
1771 1398 1853 1440 sub

187 1492 481 1539 temperatum
519 1485 696 1526 coelum
733 1485 930 1535 extensi,
970 1485 1187 1541 varioque
1225 1485 1406 1526 climate
1444 1484 1716 1542 gaudentes,
1753 1496 1853 1539 par-

186 1568 267 1609 tim
305 1569 500 1623 sylvosi,
536 1569 696 1623 partim
735 1568 1010 1625 (praesertim
1048 1569 1104 1610 ad
1143 1569 1386 1626 meridiem)
1425 1569 1572 1618 calvi,
1611 1568 1854 1610 altitudine

187 1652 335 1701 varia,
416 1661 462 1693 et
515 1666 669 1693 versus
723 1652 935 1693 orientem
990 1665 1123 1708 saepe
1178 1661 1326 1702 tanta,
1389 1662 1442 1694 ut
1499 1655 1583 1693 vix
1648 1652 1850 1694 maximis

186 1737 374 1778 aliarum
418 1737 650 1795 regionum
697 1737 920 1779 montibus
959 1737 1136 1779 cedant.
1245 1735 1418 1778 Horum
1454 1737 1593 1792 prima
1638 1737 1852 1779 continua

187 1831 341 1863 catena
382 1836 406 1863 a
443 1822 627 1880 glaciali
674 1822 856 1864 Oceano
894 1832 988 1865 orta
1028 1823 1142 1864 inter
1187 1821 1387 1865 Rossiam
1426 1830 1469 1863 et
1507 1822 1659 1864 Asiam
1697 1836 1851 1864 versus

187 1916 382 1950 austrum
426 1907 666 1966 porrigitur
713 1917 758 1950 et
802 1908 1002 1967 jungitur
1046 1908 1238 1950 maximo
1287 1916 1492 1949 montano
1529 1907 1715 1957 tractui,
1771 1909 1849 1964 qui

187 1992 300 2034 inter
346 1993 514 2034 Indiam
562 2001 606 2034 et
653 1992 855 2036 Sibiriam
903 2008 1060 2035 versus
1105 2001 1248 2035 ortum
1296 1994 1484 2035 tendens
1527 1993 1573 2034 in
1620 1994 1847 2048 superiore

187 2077 369 2135 regione
407 2078 502 2119 Irtis
540 2077 673 2120 fluvii
710 2080 817 2120 fines
874 2079 1060 2121 Sibiriae
1097 2080 1317 2120 subintrat
1357 2087 1402 2119 et
1427 2078 1664 2119 comitatur
1701 2091 1844 2134 usque

187 2163 244 2203 ad
285 2162 528 2210 Jeniseam,
590 2165 669 2204 ubi
716 2165 856 2221 magis
904 2164 1132 2222 magisque
1181 2164 1226 2204 in
1263 2164 1405 2205 latum
1444 2176 1670 2218 expansus
1706 2171 1844 2205 totam

185 2248 434 2306 regionem,
480 2262 595 2303 quae
633 2257 699 2289 est
735 2249 790 2290 ad
830 2250 1048 2291 orientem
1086 2250 1220 2301 hujus
1256 2246 1413 2298 fluvii,
1457 2261 1678 2303 occupare
1716 2250 1844 2291 vide-

186 2341 280 2384 tur,
318 2342 593 2375 montuosam
631 2342 786 2384 totam,
826 2336 931 2376 hinc
971 2335 1076 2377 inde
1114 2334 1429 2391 insignioribus
1456 2334 1574 2392 jugis
1603 2346 1840 2390 exaspera-
