2196 2927
888 154 1030 191 ===
1700 169 1784 209 559

128 279 220 306 cum
249 263 489 319 conjugibus
518 264 740 315 incubent,
785 279 961 320 paucos,
1005 278 1175 314 coecos,
1215 265 1464 322 impotentes
1495 279 1538 308 et
1564 267 1786 323 implumes

123 339 259 394 pullos
296 341 541 388 excludant,
598 354 749 394 eosque
780 355 833 379 ex
870 340 1044 394 prolobo
1075 341 1206 390 alant,
1260 342 1405 382 nidum
1442 354 1599 383 struant
1630 343 1673 382 in
1703 343 1787 383 alto

125 425 164 453 et
195 430 340 469 corpus
370 415 535 461 lavent,
571 429 653 454 non
682 415 961 469 pulverentur.
1021 416 1122 453 Sunt
1150 427 1364 469 praeterea
1394 418 1589 458 altivolae
1620 429 1661 458 et
1691 432 1787 458 coe-

121 504 187 528 cas
219 489 468 543 appendices
496 489 586 528 tubi
614 489 865 529 intestinalis
894 504 1037 543 parvas
1067 488 1272 530 obtinent.
1305 517 1353 523 —
1395 496 1435 532 A
1470 494 1678 547 Fringillis
1706 489 1787 530 eti-

121 577 185 602 am
217 563 345 618 magis
376 563 573 604 differunt
604 575 731 604 rostro
762 563 881 603 molli
913 574 953 601 et
983 562 1170 612 imbelli,
1202 563 1367 616 lingua,
1407 568 1559 621 pedum
1590 566 1787 608 constitu-

118 636 262 683 tione,
305 639 503 693 prolobo,
541 638 786 679 educatione
817 648 858 677 et
887 651 1059 677 numero
1088 638 1322 692 pullorum,
1362 641 1643 691 cucuritioneg
1673 640 1786 681 aliis-

126 725 219 765 que.
254 738 300 744 —
333 714 413 752 Sed
443 713 494 751 iis
523 712 623 767 ipsis
654 712 899 758 momentis,
944 713 1090 766 quibus
1121 730 1143 754 a
1172 714 1417 769 supradictis
1448 716 1669 765 differunt,
1701 731 1786 756 om-

119 785 243 840 nique
273 798 426 841 puncto
461 786 628 827 habitus
667 798 787 841 atque
824 803 1004 835 morum,
1062 801 1107 829 ut
1135 800 1176 828 et
1213 788 1395 843 corporis
1430 790 1786 839 conformatione,

121 861 323 909 volatura,
357 873 512 907 rostro,
544 861 796 910 interaneis,
827 864 1054 905 nutritione
1082 863 1292 920 pullorum
1323 878 1545 920 eorumque
1577 864 1781 906 coecitate

116 934 285 984 nativa,
341 936 532 991 proxime
562 939 612 977 ad
655 938 822 977 Oscines
858 949 1014 978 nostras
1046 940 1274 986 accedunt,
1332 942 1512 987 Cuculo,
1567 940 1782 989 Alaudae,

117 1009 332 1050 Hirundtni
362 1011 498 1066 potius
529 1013 857 1067 comparandae,
900 1028 1023 1068 quam
1053 1014 1119 1054 vel
1150 1015 1426 1062 Gallinaceis,
1456 1015 1524 1055 vel
1554 1013 1783 1068 Fringillis.

115 1083 210 1123 Sola
240 1084 425 1139 ingluvie
456 1087 684 1142 insigniore
715 1087 937 1136 clifFerunt,
994 1105 1096 1145 quae
1127 1101 1265 1130 tamen
1295 1091 1540 1146 quibusdam
1580 1088 1784 1131 Oscinum

111 1172 274 1213 quoque
300 1161 516 1215 generibus
539 1177 619 1202 non
638 1163 760 1219 plane
790 1163 903 1203 nulla
929 1175 1002 1204 est.
1061 1165 1169 1206 Hinc
1198 1167 1375 1222 Rajus,
1404 1165 1476 1220 qui
1507 1165 1783 1218 Zoologorum

109 1236 297 1277 omnium
339 1237 566 1276 castissime
605 1249 792 1276 naturam
833 1249 994 1278 secutus
1035 1251 1117 1289 est,
1161 1240 1314 1280 rectius
1355 1255 1478 1295 quarn
1507 1245 1783 1284 recentiores,

110 1310 220 1350 inter
271 1310 558 1350 Gallinaceum
616 1310 803 1350 ordinem
846 1322 888 1350 et
930 1312 1112 1352 minores
1154 1315 1327 1353 Oscines
1370 1314 1781 1360 seu-tenuirostres,

110 1400 210 1439 quas
241 1385 344 1424 item
374 1385 481 1424 male
511 1384 652 1424 omino
682 1387 820 1425 Linn
839 1401 974 1426 aeus
1016 1388 1066 1425 ad
1095 1390 1279 1427 Passeres
1308 1403 1398 1428 suos
1428 1388 1576 1436 refert,
1622 1387 1783 1428 medias

108 1459 247 1515 posuit
277 1460 522 1509 columbas,
579 1460 651 1500 sed
680 1474 774 1500 cum
803 1458 870 1499 his
899 1459 998 1515 ipsis
1029 1462 1355 1511 tenuirostribus,
1413 1463 1464 1502 ad
1493 1465 1676 1502 Naturae
1706 1477 1778 1502 nu-

109 1544 223 1581 tum,
253 1534 298 1574 in
326 1535 503 1575 naturali
533 1534 734 1576 methodo
765 1535 966 1576 Oscinum
996 1534 1133 1576 ordini
1163 1536 1300 1592 potius
1329 1547 1421 1576 sunt
1452 1536 1711 1577 inserendae.

461 1670 593 1709 172.
686 1658 1136 1703 COLUMBA
1226 1659 1427 1704 Oenas.

234 1750 290 1802 'C.
334 1761 805 1807 fusco-coerulescens,
855 1762 966 1802 collo
996 1761 1272 1813 versicolore,
1309 1762 1435 1803 fascia
1465 1764 1623 1806 alarum
1652 1778 1774 1806 annue

106 1835 181 1877 lari
211 1835 350 1890 nigra,
383 1836 603 1877 rectricum
636 1835 845 1876 dilutiore.

327 1910 554 1958 Columba,
614 1911 778 1956 Oenas,
820 1912 908 1950 Lin.
938 1921 1040 1964 syst.
1070 1912 1164 1951 XII.
1195 1913 1227 1951 I.
1261 1929 1300 1967 p.
1331 1928 1421 1966 279.
1450 1928 1511 1967 sp.
1548 1931 1583 1953 1.
1612 1915 1777 1966 Buffom

379 2000 466 2025 orn.
498 1985 550 2024 ΙΙ.
583 2000 616 2038 p⁴
650 1992 742 2034 491.
774 1984 987 2025 D’aubent.
1018 1990 1112 2039 pict.
1144 1985 1226 2025 tab.
1256 1993 1350 2035 466.

237 2080 274 2102 σι.
318 2058 482 2113 Vinago
512 2070 761 2114 spontanea,
811 2058 1028 2114 Willughb.
1059 2075 1141 2100 orn.
1172 2077 1211 2115 p.
1250 2067 1335 2102 136.
1367 2062 1448 2102 tab.
1481 2068 1544 2104 35.
1585 2063 1675 2119 Raj.
1705 2078 1770 2104 av.

375 2151 412 2189 p.
446 2141 509 2174 62.
539 2150 576 2173 n.
614 2151 671 2174 10.
717 2135 868 2173 Frisch.
900 2150 963 2174 αυ.
1007 2134 1087 2174 tab.
1126 2142 1211 2186 139.
1256 2137 1430 2179 Brisson.
1461 2153 1544 2181 orn.
1573 2139 1606 2177 Ι.
1633 2154 1675 2192 p.
1707 2143 1770 2180 66.

373 2225 433 2263 sp.
465 2216 499 2250 5.
530 2209 647 2249 Zool.
680 2208 823 2248 britan.
856 2226 894 2263 p.
926 2213 991 2250 86-
1021 2209 1103 2249 tab.
1135 2209 1185 2249 Ο.

324 2285 381 2324 Le
411 2283 538 2325 Biset.
568 2283 782 2325 D’aubent.
812 2288 907 2339 pict.
938 2284 1021 2326 tab.
1053 2290 1144 2326 510.
