<?xml version="1.0" encoding="UTF-8"?>
<!DOCTYPE html PUBLIC "-//W3C//DTD XHTML 1.0 Transitional//EN"
    "http://www.w3.org/TR/xhtml1/DTD/xhtml1-transitional.dtd">
<html xmlns="http://www.w3.org/1999/xhtml" xml:lang="en" lang="en">
 <head>
  <title>
</title>
<meta http-equiv="Content-Type" content="text/html;charset=utf-8" />
  <meta name='ocr-system' content='tesseract 3.04.00' />
  <meta name='ocr-capabilities' content='ocr_page ocr_carea ocr_par ocr_line ocrx_word'/>
</head>
<body>
  <div class='ocr_page' id='page_1' title='image "./zoographiarossoa11831pall_0511.png"; bbox 0 0 2196 2927; ppageno 0'>
   <div class='ocr_carea' id='block_1_1' title="bbox 860 195 1769 233">
    <p class='ocr_par' dir='ltr' id='par_1_1' title="bbox 860 195 1769 233">
     <span class='ocr_line' id='line_1_1' title="bbox 860 195 1769 233; baseline -0.003 3"><span class='ocrx_word' id='word_1_1' title='bbox 860 197 1003 220; x_wconf 56' lang='grc' dir='ltr'><strong>Ξ</strong></span> <span class='ocrx_word' id='word_1_2' title='bbox 1682 195 1769 233; x_wconf 72' lang='lat'>479</span> 
     </span>
    </p>
   </div>
   <div class='ocr_carea' id='block_1_2' title="bbox 97 292 1781 2371">
    <p class='ocr_par' dir='ltr' id='par_1_2' title="bbox 97 292 1768 575">
     <span class='ocr_line' id='line_1_2' title="bbox 100 292 1768 356; baseline -0.007 -14"><span class='ocrx_word' id='word_1_3' title='bbox 100 300 360 356; x_wconf 78' lang='lat' dir='ltr'>seo-guttati</span> <span class='ocrx_word' id='word_1_4' title='bbox 389 300 456 340; x_wconf 79' lang='lat' dir='ltr'>vel</span> <span class='ocrx_word' id='word_1_5' title='bbox 486 296 784 353; x_wconf 66' lang='lat' dir='ltr'>subsquamaffl,</span> <span class='ocrx_word' id='word_1_6' title='bbox 816 307 860 335; x_wconf 88' lang='lat' dir='ltr'>ut</span> <span class='ocrx_word' id='word_1_7' title='bbox 891 292 1151 340; x_wconf 81' lang='lat' dir='ltr'>Oenanthes,</span> <span class='ocrx_word' id='word_1_8' title='bbox 1189 296 1261 334; x_wconf 84' lang='lat' dir='ltr'>sed</span> <span class='ocrx_word' id='word_1_9' title='bbox 1291 308 1312 334; x_wconf 92' lang='lat' dir='ltr'>e</span> <span class='ocrx_word' id='word_1_10' title='bbox 1343 295 1471 335; x_wconf 83' lang='lat' dir='ltr'>cauda</span> <span class='ocrx_word' id='word_1_11' title='bbox 1501 293 1588 333; x_wconf 80' lang='lat' dir='ltr'>rufa</span> <span class='ocrx_word' id='word_1_12' title='bbox 1617 292 1768 332; x_wconf 84' lang='lat' dir='ltr'>areola-</span> 
     </span>
     <span class='ocr_line' id='line_1_3' title="bbox 99 368 1764 432; baseline -0.006 -16"><span class='ocrx_word' id='word_1_13' title='bbox 99 392 179 432; x_wconf 83' lang='lat' dir='ltr'>que</span> <span class='ocrx_word' id='word_1_14' title='bbox 223 377 378 415; x_wconf 64' lang='lat' dir='ltr'>alarum</span> <span class='ocrx_word' id='word_1_15' title='bbox 420 375 512 414; x_wconf 80' lang='lat' dir='ltr'>alba</span> <span class='ocrx_word' id='word_1_16' title='bbox 556 373 676 413; x_wconf 83' lang='lat' dir='ltr'>facile</span> <span class='ocrx_word' id='word_1_17' title='bbox 725 368 1011 425; x_wconf 76' lang='lat' dir='ltr'><strong>dignoscendi.</strong></span> <span class='ocrx_word' id='word_1_18' title='bbox 1068 370 1229 409; x_wconf 76' lang='lat' dir='ltr'>Pondus</span> <span class='ocrx_word' id='word_1_19' title='bbox 1259 369 1546 410; x_wconf 72' lang='lat' dir='ltr'>drachmarum</span> <span class='ocrx_word' id='word_1_20' title='bbox 1575 377 1617 418; x_wconf 44' lang='grc' dir='ltr'>[ᾖ</span> <span class='ocrx_word' id='word_1_21' title='bbox 1646 369 1697 407; x_wconf 86' lang='lat' dir='ltr'>ad</span> <span class='ocrx_word' id='word_1_22' title='bbox 1728 384 1764 419; x_wconf 88' lang='lat'>7,</span> 
     </span>
     <span class='ocr_line' id='line_1_4' title="bbox 97 442 1767 502; baseline -0.006 -11"><span class='ocrx_word' id='word_1_23' title='bbox 97 451 141 491; x_wconf 87' lang='lat' dir='ltr'>in</span> <span class='ocrx_word' id='word_1_24' title='bbox 199 450 400 491; x_wconf 75' lang='lat' dir='ltr'>Sibiricis.</span> <span class='ocrx_word' id='word_1_25' title='bbox 485 449 713 502; x_wconf 75' lang='lat' dir='ltr'>Longitudo</span> <span class='ocrx_word' id='word_1_26' title='bbox 769 448 821 486; x_wconf 88' lang='lat' dir='ltr'>ad</span> <span class='ocrx_word' id='word_1_27' title='bbox 870 443 1118 500; x_wconf 79' lang='lat' dir='ltr'>uropygium</span> <span class='ocrx_word' id='word_1_28' title='bbox 1162 445 1219 484; x_wconf 82' lang='lat'>3&#39;.</span> <span class='ocrx_word' id='word_1_29' title='bbox 1263 445 1331 496; x_wconf 68' lang='lat'>7²⁰.</span> <span class='ocrx_word' id='word_1_30' title='bbox 1376 458 1647 498; x_wconf 85' lang='lat' dir='ltr'>expansarum</span> <span class='ocrx_word' id='word_1_31' title='bbox 1689 442 1767 481; x_wconf 79' lang='lat' dir='ltr'>ala·</span> 
     </span>
     <span class='ocr_line' id='line_1_5' title="bbox 101 525 376 575; baseline -0.007 -9"><span class='ocrx_word' id='word_1_32' title='bbox 101 542 188 566; x_wconf 86' lang='lat' dir='ltr'>rum</span> <span class='ocrx_word' id='word_1_33' title='bbox 218 527 275 566; x_wconf 76' lang='grc' dir='ltr'>δ”.</span> <span class='ocrx_word' id='word_1_34' title='bbox 307 525 376 575; x_wconf 71' lang='lat'>4&#39;&#39;‘.</span> 
     </span>
    </p>

    <p class='ocr_par' dir='ltr' id='par_1_3' title="bbox 141 596 1730 655">
     <span class='ocr_line' id='line_1_6' title="bbox 141 596 1730 655; baseline -0.006 -7"><span class='ocrx_word' id='word_1_35' title='bbox 141 619 160 648; x_wconf 87' lang='lat'><strong>1</strong></span> <span class='ocrx_word' id='word_1_36' title='bbox 185 619 201 648; x_wconf 74' lang='grc' dir='ltr'>ι</span> <span class='ocrx_word' id='word_1_37' title='bbox 222 617 261 655; x_wconf 87' lang='lat'>7.</span> <span class='ocrx_word' id='word_1_38' title='bbox 354 605 400 646; x_wconf 72' lang='lat' dir='ltr'><strong>M</strong></span> <span class='ocrx_word' id='word_1_39' title='bbox 422 605 461 645; x_wconf 92' lang='lat' dir='ltr'>O</span> <span class='ocrx_word' id='word_1_40' title='bbox 482 603 526 644; x_wconf 92' lang='lat' dir='ltr'>T</span> <span class='ocrx_word' id='word_1_41' title='bbox 549 604 585 643; x_wconf 85' lang='lat' dir='ltr'><strong>A</strong></span> <span class='ocrx_word' id='word_1_42' title='bbox 609 600 739 644; x_wconf 80' lang='lat' dir='ltr'>CIL</span> <span class='ocrx_word' id='word_1_43' title='bbox 764 602 794 642; x_wconf 91' lang='lat' dir='ltr'>L</span> <span class='ocrx_word' id='word_1_44' title='bbox 820 601 860 643; x_wconf 91' lang='lat' dir='ltr'><strong>A</strong></span> <span class='ocrx_word' id='word_1_45' title='bbox 915 599 1251 642; x_wconf 77' lang='lat' dir='ltr'>Leucomela.</span> <span class='ocrx_word' id='word_1_46' title='bbox 1313 597 1451 639; x_wconf 71' lang='lat' dir='ltr'>TAB.</span> <span class='ocrx_word' id='word_1_47' title='bbox 1491 596 1730 638; x_wconf 71' lang='lat' dir='ltr'>XYVIII.</span> 
     </span>
    </p>

    <p class='ocr_par' dir='ltr' id='par_1_4' title="bbox 100 666 1767 796">
     <span class='ocr_line' id='line_1_7' title="bbox 235 666 1767 729; baseline -0.006 -15"><span class='ocrx_word' id='word_1_48' title='bbox 235 678 293 715; x_wconf 88' lang='lat' dir='ltr'>M.</span> <span class='ocrx_word' id='word_1_49' title='bbox 324 676 438 729; x_wconf 80' lang='lat' dir='ltr'>gula,</span> <span class='ocrx_word' id='word_1_50' title='bbox 476 675 596 713; x_wconf 82' lang='lat' dir='ltr'>dorso</span> <span class='ocrx_word' id='word_1_51' title='bbox 625 673 872 727; x_wconf 78' lang='lat' dir='ltr'>artubusque</span> <span class='ocrx_word' id='word_1_52' title='bbox 903 670 1021 718; x_wconf 79' lang='lat' dir='ltr'>atris,</span> <span class='ocrx_word' id='word_1_53' title='bbox 1053 669 1277 710; x_wconf 78' lang='lat' dir='ltr'>abdomine</span> <span class='ocrx_word' id='word_1_54' title='bbox 1316 666 1640 720; x_wconf 73' lang='lat' dir='ltr'>rectricibusque</span> <span class='ocrx_word' id='word_1_55' title='bbox 1670 667 1767 706; x_wconf 82' lang='lat' dir='ltr'>late-</span> 
     </span>
     <span class='ocr_line' id='line_1_8' title="bbox 100 747 976 796; baseline -0.007 -5"><span class='ocrx_word' id='word_1_56' title='bbox 100 751 252 790; x_wconf 86' lang='lat' dir='ltr'>ralibus</span> <span class='ocrx_word' id='word_1_57' title='bbox 282 748 403 796; x_wconf 83' lang='lat' dir='ltr'>albis,</span> <span class='ocrx_word' id='word_1_58' title='bbox 435 747 591 787; x_wconf 82' lang='lat' dir='ltr'>vertice</span> <span class='ocrx_word' id='word_1_59' title='bbox 622 747 976 787; x_wconf 86' lang='lat' dir='ltr'>albo-nebuloso.</span> 
     </span>
    </p>

    <p class='ocr_par' dir='ltr' id='par_1_5' title="bbox 315 817 1771 1027">
     <span class='ocr_line' id='line_1_9' title="bbox 315 817 1770 870; baseline -0.005 -7"><span class='ocrx_word' id='word_1_60' title='bbox 315 823 531 863; x_wconf 73' lang='lat' dir='ltr'>Motacilla</span> <span class='ocrx_word' id='word_1_61' title='bbox 560 822 815 869; x_wconf 76' lang='lat' dir='ltr'>leucomela,</span> <span class='ocrx_word' id='word_1_62' title='bbox 858 823 962 862; x_wconf 78' lang='lat' dir='ltr'>Pall.</span> <span class='ocrx_word' id='word_1_63' title='bbox 993 821 1095 861; x_wconf 88' lang='grc' dir='ltr'><strong>Νου.</strong></span> <span class='ocrx_word' id='word_1_64' title='bbox 1127 821 1241 860; x_wconf 85' lang='lat' dir='ltr'>Com.</span> <span class='ocrx_word' id='word_1_65' title='bbox 1272 820 1375 859; x_wconf 78' lang='lat' dir='ltr'>Petr.</span> <span class='ocrx_word' id='word_1_66' title='bbox 1407 817 1517 857; x_wconf 85' lang='lat' dir='ltr'><em>XIV.</em></span> <span class='ocrx_word' id='word_1_67' title='bbox 1550 833 1644 870; x_wconf 78' lang='lat' dir='ltr'>pag.</span> <span class='ocrx_word' id='word_1_68' title='bbox 1680 823 1770 865; x_wconf 74' lang='lat'>584.</span> 
     </span>
     <span class='ocr_line' id='line_1_10' title="bbox 369 896 1771 951; baseline -0.006 -13"><span class='ocrx_word' id='word_1_69' title='bbox 369 899 450 938; x_wconf 60' lang='lat' dir='ltr'>tab.</span> <span class='ocrx_word' id='word_1_70' title='bbox 485 914 547 936; x_wconf 59' lang='grc' dir='ltr'>ρει.</span> <span class='ocrx_word' id='word_1_71' title='bbox 569 898 652 951; x_wconf 70' lang='lat' dir='ltr'>fig.</span> <span class='ocrx_word' id='word_1_72' title='bbox 684 904 722 937; x_wconf 80' lang='lat'>3.</span> <span class='ocrx_word' id='word_1_73' title='bbox 768 898 935 937; x_wconf 76' lang='lat' dir='ltr'>Gmelin.</span> <span class='ocrx_word' id='word_1_74' title='bbox 965 906 1067 950; x_wconf 73' lang='lat' dir='ltr'>syst.</span> <span class='ocrx_word' id='word_1_75' title='bbox 1111 897 1199 934; x_wconf 73' lang='lat' dir='ltr'>Lin.</span> <span class='ocrx_word' id='word_1_76' title='bbox 1229 896 1283 933; x_wconf 87' lang='lat' dir='ltr'>II.</span> <span class='ocrx_word' id='word_1_77' title='bbox 1326 909 1421 949; x_wconf 78' lang='lat' dir='ltr'>pag.</span> <span class='ocrx_word' id='word_1_78' title='bbox 1454 901 1544 945; x_wconf 74' lang='lat'>974.</span> <span class='ocrx_word' id='word_1_79' title='bbox 1589 907 1649 946; x_wconf 85' lang='lat' dir='ltr'>sp.</span> <span class='ocrx_word' id='word_1_80' title='bbox 1686 908 1771 943; x_wconf 84' lang='lat'>¹¹7·</span> 
     </span>
     <span class='ocr_line' id='line_1_11' title="bbox 368 973 953 1027; baseline -0.003 -15"><span class='ocrx_word' id='word_1_81' title='bbox 368 975 556 1012; x_wconf 69' lang='lat' dir='ltr'>Latham.</span> <span class='ocrx_word' id='word_1_82' title='bbox 589 987 652 1011; x_wconf 84' lang='grc' dir='ltr'>αυ.</span> <span class='ocrx_word' id='word_1_83' title='bbox 681 973 753 1011; x_wconf 88' lang='lat' dir='ltr'>IV.</span> <span class='ocrx_word' id='word_1_84' title='bbox 793 989 831 1027; x_wconf 83' lang='lat' dir='ltr'>p.</span> <span class='ocrx_word' id='word_1_85' title='bbox 861 978 953 1021; x_wconf 74' lang='lat'>456.</span> 
     </span>
    </p>

    <p class='ocr_par' dir='ltr' id='par_1_6' title="bbox 318 1043 1768 1176">
     <span class='ocr_line' id='line_1_12' title="bbox 318 1043 1768 1100; baseline -0.006 -13"><span class='ocrx_word' id='word_1_86' title='bbox 318 1047 533 1088; x_wconf 83' lang='lat' dir='ltr'>Motacilla</span> <span class='ocrx_word' id='word_1_87' title='bbox 564 1045 841 1096; x_wconf 77' lang='lat' dir='ltr'>Pleschanka‚</span> <span class='ocrx_word' id='word_1_88' title='bbox 874 1047 1041 1100; x_wconf 81' lang='lat' dir='ltr'>Lepech.</span> <span class='ocrx_word' id='word_1_89' title='bbox 1068 1046 1172 1086; x_wconf 83' lang='lat' dir='ltr'>Nov.</span> <span class='ocrx_word' id='word_1_90' title='bbox 1202 1047 1315 1086; x_wconf 88' lang='lat' dir='ltr'>Com.</span> <span class='ocrx_word' id='word_1_91' title='bbox 1345 1047 1449 1085; x_wconf 76' lang='lat' dir='ltr'>Petr.</span> <span class='ocrx_word' id='word_1_92' title='bbox 1479 1043 1590 1082; x_wconf 87' lang='lat' dir='ltr'><em>XIV.</em></span> <span class='ocrx_word' id='word_1_93' title='bbox 1621 1058 1660 1098; x_wconf 84' lang='lat' dir='ltr'>p.</span> <span class='ocrx_word' id='word_1_94' title='bbox 1679 1046 1768 1082; x_wconf 81' lang='lat'>503.</span> 
     </span>
     <span class='ocr_line' id='line_1_13' title="bbox 369 1121 1501 1176; baseline -0.004 -14"><span class='ocrx_word' id='word_1_95' title='bbox 369 1123 452 1162; x_wconf 81' lang='lat' dir='ltr'>tab.</span> <span class='ocrx_word' id='word_1_96' title='bbox 492 1131 548 1171; x_wconf 72' lang='lat'>14.</span> <span class='ocrx_word' id='word_1_97' title='bbox 568 1123 652 1176; x_wconf 81' lang='lat' dir='ltr'>fig.</span> <span class='ocrx_word' id='word_1_98' title='bbox 685 1140 719 1162; x_wconf 85' lang='lat'>2.</span> <span class='ocrx_word' id='word_1_99' title='bbox 764 1123 879 1162; x_wconf 71' lang='lat' dir='ltr'>Fallz.</span> <span class='ocrx_word' id='word_1_100' title='bbox 909 1126 994 1161; x_wconf 72' lang='lat' dir='ltr'>itin.</span> <span class='ocrx_word' id='word_1_101' title='bbox 1024 1122 1099 1160; x_wconf 88' lang='lat' dir='ltr'>III.</span> <span class='ocrx_word' id='word_1_102' title='bbox 1129 1137 1168 1176; x_wconf 86' lang='lat' dir='ltr'>p.</span> <span class='ocrx_word' id='word_1_103' title='bbox 1199 1128 1290 1170; x_wconf 72' lang='grc'>405.</span> <span class='ocrx_word' id='word_1_104' title='bbox 1322 1121 1404 1160; x_wconf 80' lang='lat' dir='ltr'>tab.</span> <span class='ocrx_word' id='word_1_105' title='bbox 1438 1127 1501 1160; x_wconf 80' lang='lat'>30.</span> 
     </span>
    </p>

    <p class='ocr_par' dir='ltr' id='par_1_7' title="bbox 316 1194 1772 1325">
     <span class='ocr_line' id='line_1_14' title="bbox 316 1194 1772 1252; baseline -0.004 -16"><span class='ocrx_word' id='word_1_106' title='bbox 316 1196 533 1236; x_wconf 69' lang='lat' dir='ltr'>Motacilla</span> <span class='ocrx_word' id='word_1_107' title='bbox 563 1196 841 1251; x_wconf 75' lang='lat' dir='ltr'>longirostris,</span> <span class='ocrx_word' id='word_1_108' title='bbox 874 1198 1043 1236; x_wconf 73' lang='lat' dir='ltr'>Gmelin.</span> <span class='ocrx_word' id='word_1_109' title='bbox 1066 1200 1151 1252; x_wconf 80' lang='lat' dir='ltr'>jun.</span> <span class='ocrx_word' id='word_1_110' title='bbox 1183 1201 1271 1235; x_wconf 72' lang='lat' dir='ltr'>itin.</span> <span class='ocrx_word' id='word_1_111' title='bbox 1301 1198 1374 1234; x_wconf 88' lang='lat' dir='ltr'>III.</span> <span class='ocrx_word' id='word_1_112' title='bbox 1407 1211 1444 1249; x_wconf 83' lang='lat' dir='ltr'>p.</span> <span class='ocrx_word' id='word_1_113' title='bbox 1482 1210 1567 1233; x_wconf 87' lang='lat'>100.</span> <span class='ocrx_word' id='word_1_114' title='bbox 1600 1194 1682 1233; x_wconf 75' lang='lat' dir='ltr'>tab.</span> <span class='ocrx_word' id='word_1_115' title='bbox 1713 1208 1772 1242; x_wconf 84' lang='lat'>19.</span> 
     </span>
     <span class='ocr_line' id='line_1_15' title="bbox 359 1272 1409 1325; baseline -0.002 -14"><span class='ocrx_word' id='word_1_116' title='bbox 359 1273 444 1325; x_wconf 79' lang='lat' dir='ltr'>fig.</span> <span class='ocrx_word' id='word_1_117' title='bbox 477 1288 513 1310; x_wconf 82' lang='lat'>2.</span> <span class='ocrx_word' id='word_1_118' title='bbox 544 1272 669 1311; x_wconf 84' lang='lat' dir='ltr'>Gmel.</span> <span class='ocrx_word' id='word_1_119' title='bbox 700 1282 804 1324; x_wconf 75' lang='lat' dir='ltr'>syst.</span> <span class='ocrx_word' id='word_1_120' title='bbox 833 1274 920 1310; x_wconf 74' lang='lat' dir='ltr'>Lin.</span> <span class='ocrx_word' id='word_1_121' title='bbox 950 1273 1004 1310; x_wconf 84' lang='lat' dir='ltr'>II..</span> <span class='ocrx_word' id='word_1_122' title='bbox 1036 1287 1074 1324; x_wconf 83' lang='lat' dir='ltr'>p.</span> <span class='ocrx_word' id='word_1_123' title='bbox 1106 1277 1196 1322; x_wconf 77' lang='lat'>978.</span> <span class='ocrx_word' id='word_1_124' title='bbox 1226 1286 1285 1325; x_wconf 79' lang='lat' dir='ltr'>sp.</span> <span class='ocrx_word' id='word_1_125' title='bbox 1324 1277 1409 1310; x_wconf 80' lang='lat'>131.</span> 
     </span>
    </p>

    <p class='ocr_par' dir='ltr' id='par_1_8' title="bbox 208 1342 1774 1462">
     <span class='ocr_line' id='line_1_16' title="bbox 208 1342 1774 1400; baseline -0.005 -12"><span class='ocrx_word' id='word_1_126' title='bbox 208 1347 348 1388; x_wconf 85' lang='lat' dir='ltr'>Rossis</span> <span class='ocrx_word' id='word_1_127' title='bbox 378 1348 429 1386; x_wconf 87' lang='lat' dir='ltr'>ad</span> <span class='ocrx_word' id='word_1_128' title='bbox 458 1346 637 1400; x_wconf 81' lang='lat' dir='ltr'>Volgarn</span> <span class='ocrx_word' id='word_1_129' title='bbox 666 1347 914 1386; x_wconf 75' lang='lat' dir='ltr'>Pleschanka</span> <span class='ocrx_word' id='word_1_130' title='bbox 944 1346 1168 1400; x_wconf 82' lang='lat' dir='ltr'>(recalva),</span> <span class='ocrx_word' id='word_1_131' title='bbox 1198 1345 1301 1385; x_wconf 86' lang='lat' dir='ltr'>item</span> <span class='ocrx_word' id='word_1_132' title='bbox 1329 1344 1597 1384; x_wconf 72' lang='lat' dir='ltr'>Kamenschih</span> <span class='ocrx_word' id='word_1_133' title='bbox 1627 1342 1774 1382; x_wconf 83' lang='lat' dir='ltr'>eodem</span> 
     </span>
     <span class='ocr_line' id='line_1_17' title="bbox 264 1419 785 1462; baseline -0.002 0"><span class='ocrx_word' id='word_1_134' title='bbox 264 1437 358 1462; x_wconf 90' lang='lat' dir='ltr'>cum</span> <span class='ocrx_word' id='word_1_135' title='bbox 389 1422 571 1460; x_wconf 86' lang='lat' dir='ltr'>Rubetra</span> <span class='ocrx_word' id='word_1_136' title='bbox 601 1419 785 1461; x_wconf 88' lang='lat' dir='ltr'>nomine.</span> 
     </span>
    </p>

    <p class='ocr_par' dir='ltr' id='par_1_9' title="bbox 101 1491 1780 2074">
     <span class='ocr_line' id='line_1_18' title="bbox 238 1491 1778 1549; baseline -0.004 -13"><span class='ocrx_word' id='word_1_137' title='bbox 238 1496 359 1537; x_wconf 88' lang='lat' dir='ltr'>Circa</span> <span class='ocrx_word' id='word_1_138' title='bbox 402 1496 581 1549; x_wconf 78' lang='lat' dir='ltr'>Volgam</span> <span class='ocrx_word' id='word_1_139' title='bbox 624 1494 907 1535; x_wconf 71' lang='lat' dir='ltr'>australiorem</span> <span class='ocrx_word' id='word_1_140' title='bbox 950 1497 1001 1536; x_wconf 87' lang='lat' dir='ltr'>ad</span> <span class='ocrx_word' id='word_1_141' title='bbox 1045 1507 1250 1536; x_wconf 83' lang='lat' dir='ltr'>montosas</span> <span class='ocrx_word' id='word_1_142' title='bbox 1293 1506 1335 1534; x_wconf 78' lang='lat' dir='ltr'>et</span> <span class='ocrx_word' id='word_1_143' title='bbox 1375 1504 1612 1549; x_wconf 83' lang='lat' dir='ltr'>praeruptas</span> <span class='ocrx_word' id='word_1_144' title='bbox 1656 1491 1778 1547; x_wconf 85' lang='lat' dir='ltr'>ripas,</span> 
     </span>
     <span class='ocr_line' id='line_1_19' title="bbox 101 1569 1778 1626; baseline -0.004 -15"><span class='ocrx_word' id='word_1_145' title='bbox 101 1573 286 1626; x_wconf 79' lang='lat' dir='ltr'>itemque</span> <span class='ocrx_word' id='word_1_146' title='bbox 316 1571 424 1611; x_wconf 87' lang='lat' dir='ltr'>circa</span> <span class='ocrx_word' id='word_1_147' title='bbox 454 1571 639 1610; x_wconf 74' lang='lat' dir='ltr'>Alta&#39;i&#39;cos</span> <span class='ocrx_word' id='word_1_148' title='bbox 669 1581 829 1610; x_wconf 83' lang='lat' dir='ltr'>montes</span> <span class='ocrx_word' id='word_1_149' title='bbox 859 1582 900 1609; x_wconf 90' lang='lat' dir='ltr'>et</span> <span class='ocrx_word' id='word_1_150' title='bbox 928 1571 971 1610; x_wconf 83' lang='lat' dir='ltr'>in</span> <span class='ocrx_word' id='word_1_151' title='bbox 1001 1570 1253 1625; x_wconf 83' lang='lat' dir='ltr'>rupestribus</span> <span class='ocrx_word' id='word_1_152' title='bbox 1278 1571 1328 1609; x_wconf 87' lang='lat' dir='ltr'>ad</span> <span class='ocrx_word' id='word_1_153' title='bbox 1352 1570 1569 1623; x_wconf 82' lang='lat' dir='ltr'>Selengam</span> <span class='ocrx_word' id='word_1_154' title='bbox 1591 1569 1778 1621; x_wconf 87' lang='lat' dir='ltr'>frequen-</span> 
     </span>
     <span class='ocr_line' id='line_1_20' title="bbox 102 1641 1776 1699; baseline -0.004 -13"><span class='ocrx_word' id='word_1_155' title='bbox 102 1647 259 1687; x_wconf 86' lang='lat' dir='ltr'>tissima</span> <span class='ocrx_word' id='word_1_156' title='bbox 291 1646 398 1692; x_wconf 74' lang='lat' dir='ltr'>avis,</span> <span class='ocrx_word' id='word_1_157' title='bbox 428 1649 509 1699; x_wconf 83' lang='lat' dir='ltr'>jam</span> <span class='ocrx_word' id='word_1_158' title='bbox 540 1657 718 1685; x_wconf 81' lang='lat' dir='ltr'>exeunte</span> <span class='ocrx_word' id='word_1_159' title='bbox 750 1645 903 1685; x_wconf 72' lang='lat' dir='ltr'>Martio</span> <span class='ocrx_word' id='word_1_160' title='bbox 934 1647 1180 1692; x_wconf 82' lang='lat' dir='ltr'>adventans,</span> <span class='ocrx_word' id='word_1_161' title='bbox 1223 1645 1351 1685; x_wconf 86' lang='lat' dir='ltr'>etiam</span> <span class='ocrx_word' id='word_1_162' title='bbox 1380 1644 1425 1684; x_wconf 90' lang='lat' dir='ltr'>in</span> <span class='ocrx_word' id='word_1_163' title='bbox 1456 1642 1649 1683; x_wconf 84' lang='lat' dir='ltr'>Dauuria.</span> <span class='ocrx_word' id='word_1_164' title='bbox 1706 1641 1776 1679; x_wconf 81' lang='lat' dir='ltr'>Ni-</span> 
     </span>
     <span class='ocr_line' id='line_1_21' title="bbox 103 1715 1778 1775; baseline -0.005 -13"><span class='ocrx_word' id='word_1_165' title='bbox 103 1723 267 1762; x_wconf 77' lang='lat' dir='ltr'>dulatur</span> <span class='ocrx_word' id='word_1_166' title='bbox 294 1720 338 1761; x_wconf 86' lang='lat' dir='ltr'>in</span> <span class='ocrx_word' id='word_1_167' title='bbox 368 1721 530 1775; x_wconf 70' lang='lat' dir='ltr'>rupium</span> <span class='ocrx_word' id='word_1_168' title='bbox 560 1720 730 1767; x_wconf 79' lang='lat' dir='ltr'>fissuris,</span> <span class='ocrx_word' id='word_1_169' title='bbox 766 1720 1037 1775; x_wconf 84' lang='lat' dir='ltr'>littorumque</span> <span class='ocrx_word' id='word_1_170' title='bbox 1067 1732 1380 1775; x_wconf 78' lang='lat' dir='ltr'>praeruptorum</span> <span class='ocrx_word' id='word_1_171' title='bbox 1408 1717 1638 1758; x_wconf 73' lang='lat' dir='ltr'>cavernulis</span> <span class='ocrx_word' id='word_1_172' title='bbox 1668 1715 1778 1755; x_wconf 89' lang='lat' dir='ltr'>inac-</span> 
     </span>
     <span class='ocr_line' id='line_1_22' title="bbox 104 1791 1780 1850; baseline -0.005 -13"><span class='ocrx_word' id='word_1_173' title='bbox 104 1796 241 1837; x_wconf 79' lang='lat' dir='ltr'>cessis.</span> <span class='ocrx_word' id='word_1_174' title='bbox 307 1795 554 1835; x_wconf 75' lang='lat' dir='ltr'>Habitacula</span> <span class='ocrx_word' id='word_1_175' title='bbox 585 1795 703 1848; x_wconf 58' lang='lat' dir='ltr'>fugst.</span> <span class='ocrx_word' id='word_1_176' title='bbox 774 1796 951 1850; x_wconf 78' lang='lat' dir='ltr'>Vesperi</span> <span class='ocrx_word' id='word_1_177' title='bbox 981 1795 1090 1836; x_wconf 79' lang='lat' dir='ltr'>circa</span> <span class='ocrx_word' id='word_1_178' title='bbox 1121 1810 1245 1850; x_wconf 78' lang='lat' dir='ltr'>aquas</span> <span class='ocrx_word' id='word_1_179' title='bbox 1275 1804 1457 1834; x_wconf 86' lang='lat' dir='ltr'>versatur</span> <span class='ocrx_word' id='word_1_180' title='bbox 1485 1804 1527 1833; x_wconf 89' lang='lat' dir='ltr'>et</span> <span class='ocrx_word' id='word_1_181' title='bbox 1554 1794 1666 1832; x_wconf 86' lang='lat' dir='ltr'>lavat</span> <span class='ocrx_word' id='word_1_182' title='bbox 1694 1791 1780 1829; x_wconf 76' lang='lat' dir='ltr'>Foe-</span> 
     </span>
     <span class='ocr_line' id='line_1_23' title="bbox 102 1864 1780 1920; baseline -0.004 -10"><span class='ocrx_word' id='word_1_183' title='bbox 102 1871 235 1920; x_wconf 83' lang='lat' dir='ltr'>mina,</span> <span class='ocrx_word' id='word_1_184' title='bbox 281 1869 524 1911; x_wconf 84' lang='lat' dir='ltr'>cantillante</span> <span class='ocrx_word' id='word_1_185' title='bbox 566 1868 735 1909; x_wconf 79' lang='lat' dir='ltr'>interim</span> <span class='ocrx_word' id='word_1_186' title='bbox 765 1886 858 1910; x_wconf 87' lang='lat' dir='ltr'>cum</span> <span class='ocrx_word' id='word_1_187' title='bbox 888 1872 1043 1911; x_wconf 78' lang='lat' dir='ltr'>alarum</span> <span class='ocrx_word' id='word_1_188' title='bbox 1085 1881 1220 1919; x_wconf 88' lang='lat' dir='ltr'>motu,</span> <span class='ocrx_word' id='word_1_189' title='bbox 1252 1884 1387 1917; x_wconf 86' lang='lat' dir='ltr'>mare,</span> <span class='ocrx_word' id='word_1_190' title='bbox 1436 1867 1605 1907; x_wconf 82' lang='lat' dir='ltr'>modulo</span> <span class='ocrx_word' id='word_1_191' title='bbox 1648 1864 1780 1910; x_wconf 80' lang='lat' dir='ltr'>brevi,</span> 
     </span>
     <span class='ocr_line' id='line_1_24' title="bbox 107 1941 1780 1999; baseline -0.004 -14"><span class='ocrx_word' id='word_1_192' title='bbox 107 1947 234 1985; x_wconf 85' lang='lat' dir='ltr'>ferme</span> <span class='ocrx_word' id='word_1_193' title='bbox 265 1944 524 1990; x_wconf 71' lang='lat' dir='ltr'>hirundinis,</span> <span class='ocrx_word' id='word_1_194' title='bbox 569 1949 680 1998; x_wconf 80' lang='lat' dir='ltr'>cujus</span> <span class='ocrx_word' id='word_1_195' title='bbox 710 1960 803 1984; x_wconf 85' lang='lat' dir='ltr'>cum</span> <span class='ocrx_word' id='word_1_196' title='bbox 831 1945 968 1999; x_wconf 80' lang='lat' dir='ltr'>pipitu</span> <span class='ocrx_word' id='word_1_197' title='bbox 1014 1946 1141 1985; x_wconf 87' lang='lat' dir='ltr'>etiam</span> <span class='ocrx_word' id='word_1_198' title='bbox 1185 1945 1388 1985; x_wconf 83' lang='lat' dir='ltr'>subvolat.</span> <span class='ocrx_word' id='word_1_199' title='bbox 1445 1941 1639 1981; x_wconf 77' lang='lat' dir='ltr'>Vescitur</span> <span class='ocrx_word' id='word_1_200' title='bbox 1666 1953 1780 1995; x_wconf 81' lang='lat' dir='ltr'>prae—</span> 
     </span>
     <span class='ocr_line' id='line_1_25' title="bbox 107 2018 1127 2074; baseline -0.002 -14"><span class='ocrx_word' id='word_1_201' title='bbox 107 2019 249 2060; x_wconf 80' lang='lat' dir='ltr'>sertim</span> <span class='ocrx_word' id='word_1_202' title='bbox 277 2018 506 2074; x_wconf 79' lang='lat' dir='ltr'>phalaenis.</span> <span class='ocrx_word' id='word_1_203' title='bbox 565 2018 789 2058; x_wconf 84' lang='lat' dir='ltr'>Hominem</span> <span class='ocrx_word' id='word_1_204' title='bbox 819 2035 962 2073; x_wconf 77' lang='lat' dir='ltr'>parurn</span> <span class='ocrx_word' id='word_1_205' title='bbox 992 2019 1127 2059; x_wconf 84' lang='lat' dir='ltr'>timet.</span> 
     </span>
    </p>

    <p class='ocr_par' dir='ltr' id='par_1_10' title="bbox 108 2087 1781 2371">
     <span class='ocr_line' id='line_1_26' title="bbox 241 2087 1778 2148; baseline -0.003 -16"><span class='ocrx_word' id='word_1_206' title='bbox 241 2095 411 2134; x_wconf 82' lang='lat' dir='ltr'>Descr.</span> <span class='ocrx_word' id='word_1_207' title='bbox 481 2094 723 2147; x_wconf 74' lang='lat' dir='ltr'>Magnitudo</span> <span class='ocrx_word' id='word_1_208' title='bbox 764 2094 888 2147; x_wconf 79' lang='lat' dir='ltr'>paulo</span> <span class='ocrx_word' id='word_1_209' title='bbox 932 2109 1051 2148; x_wconf 82' lang='lat' dir='ltr'>supra</span> <span class='ocrx_word' id='word_1_210' title='bbox 1093 2094 1429 2148; x_wconf 78' lang='lat' dir='ltr'>praecedentem.</span> <span class='ocrx_word' id='word_1_211' title='bbox 1498 2091 1686 2131; x_wconf 81' lang='lat' dir='ltr'>Rostrum</span> <span class='ocrx_word' id='word_1_212' title='bbox 1719 2087 1778 2129; x_wconf 84' lang='lat' dir='ltr'>ni-</span> 
     </span>
     <span class='ocr_line' id='line_1_27' title="bbox 108 2164 1778 2224; baseline -0.004 -15"><span class='ocrx_word' id='word_1_213' title='bbox 108 2184 246 2224; x_wconf 84' lang='lat' dir='ltr'>grum,</span> <span class='ocrx_word' id='word_1_214' title='bbox 286 2182 355 2207; x_wconf 80' lang='lat' dir='ltr'>ore</span> <span class='ocrx_word' id='word_1_215' title='bbox 384 2168 494 2208; x_wconf 81' lang='lat' dir='ltr'>intus</span> <span class='ocrx_word' id='word_1_216' title='bbox 524 2168 764 2207; x_wconf 84' lang='lat' dir='ltr'>lutescente.</span> <span class='ocrx_word' id='word_1_217' title='bbox 833 2169 962 2207; x_wconf 76' lang='lat' dir='ltr'>Nares</span> <span class='ocrx_word' id='word_1_218' title='bbox 1002 2167 1383 2222; x_wconf 65' lang='lat' dir='ltr'>omli-oblongae,</span> <span class='ocrx_word' id='word_1_219' title='bbox 1427 2167 1581 2214; x_wconf 85' lang='lat' dir='ltr'>nudae,</span> <span class='ocrx_word' id='word_1_220' title='bbox 1627 2164 1778 2218; x_wconf 81' lang='lat' dir='ltr'>exiguo</span> 
     </span>
     <span class='ocr_line' id='line_1_28' title="bbox 108 2237 1780 2298; baseline -0.003 -15"><span class='ocrx_word' id='word_1_221' title='bbox 108 2243 267 2284; x_wconf 88' lang='lat' dir='ltr'>lumine</span> <span class='ocrx_word' id='word_1_222' title='bbox 310 2243 491 2298; x_wconf 84' lang='lat' dir='ltr'>perviae.</span> <span class='ocrx_word' id='word_1_223' title='bbox 561 2244 721 2296; x_wconf 78' lang='lat' dir='ltr'>Lingua</span> <span class='ocrx_word' id='word_1_224' title='bbox 763 2254 950 2296; x_wconf 81' lang='lat' dir='ltr'>angusta,</span> <span class='ocrx_word' id='word_1_225' title='bbox 997 2242 1261 2282; x_wconf 83' lang='lat' dir='ltr'>extremitate</span> <span class='ocrx_word' id='word_1_226' title='bbox 1304 2241 1453 2282; x_wconf 88' lang='lat' dir='ltr'>lineari</span> <span class='ocrx_word' id='word_1_227' title='bbox 1495 2240 1640 2289; x_wconf 82' lang='lat' dir='ltr'>bifida,</span> <span class='ocrx_word' id='word_1_228' title='bbox 1691 2237 1780 2278; x_wconf 83' lang='lat' dir='ltr'>basi</span> 
     </span>
     <span class='ocr_line' id='line_1_29' title="bbox 108 2312 1781 2371; baseline -0.004 -13"><span class='ocrx_word' id='word_1_229' title='bbox 108 2319 235 2359; x_wconf 86' lang='lat' dir='ltr'>etiam</span> <span class='ocrx_word' id='word_1_230' title='bbox 266 2317 447 2358; x_wconf 74' lang='lat' dir='ltr'>exterius</span> <span class='ocrx_word' id='word_1_231' title='bbox 477 2317 632 2358; x_wconf 81' lang='lat' dir='ltr'>ciliata.</span> <span class='ocrx_word' id='word_1_232' title='bbox 697 2318 823 2357; x_wconf 66' lang='lat' dir='ltr'>Irides</span> <span class='ocrx_word' id='word_1_233' title='bbox 852 2319 1047 2357; x_wconf 82' lang='lat' dir='ltr'>obscurae</span> <span class='ocrx_word' id='word_1_234' title='bbox 1119 2319 1265 2357; x_wconf 71' lang='lat' dir='ltr'>Vertex</span> <span class='ocrx_word' id='word_1_235' title='bbox 1296 2317 1429 2365; x_wconf 75' lang='lat' dir='ltr'>albus,</span> <span class='ocrx_word' id='word_1_236' title='bbox 1472 2330 1616 2371; x_wconf 85' lang='lat' dir='ltr'>parum</span> <span class='ocrx_word' id='word_1_237' title='bbox 1644 2312 1781 2367; x_wconf 72' lang='lat' dir='ltr'>fuligi-</span> 
     </span>
    </p>
   </div>
   <div class='ocr_carea' id='block_1_3' title="bbox 109 2389 1784 2446">
    <p class='ocr_par' dir='ltr' id='par_1_11' title="bbox 109 2389 1784 2446">
     <span class='ocr_line' id='line_1_30' title="bbox 109 2389 1784 2446; baseline -0.003 -13"><span class='ocrx_word' id='word_1_238' title='bbox 109 2409 208 2435; x_wconf 87' lang='lat' dir='ltr'>noso</span> <span class='ocrx_word' id='word_1_239' title='bbox 237 2393 479 2441; x_wconf 84' lang='lat' dir='ltr'>nebulosus;</span> <span class='ocrx_word' id='word_1_240' title='bbox 522 2392 664 2434; x_wconf 64' lang='lat' dir='ltr'>cervix</span> <span class='ocrx_word' id='word_1_241' title='bbox 707 2392 937 2434; x_wconf 71' lang='lat' dir='ltr'>candidior.</span> <span class='ocrx_word' id='word_1_242' title='bbox 1010 2394 1115 2434; x_wconf 82' lang='lat' dir='ltr'>Gula</span> <span class='ocrx_word' id='word_1_243' title='bbox 1142 2403 1184 2432; x_wconf 86' lang='lat' dir='ltr'>et</span> <span class='ocrx_word' id='word_1_244' title='bbox 1211 2392 1366 2432; x_wconf 85' lang='lat' dir='ltr'>collum</span> <span class='ocrx_word' id='word_1_245' title='bbox 1393 2405 1521 2446; x_wconf 84' lang='lat' dir='ltr'>usque</span> <span class='ocrx_word' id='word_1_246' title='bbox 1563 2391 1614 2430; x_wconf 86' lang='lat' dir='ltr'>ad</span> <span class='ocrx_word' id='word_1_247' title='bbox 1643 2389 1784 2430; x_wconf 81' lang='lat' dir='ltr'>oculos</span> 
     </span>
    </p>
   </div>
  </div>
 </body>
</html>
