2196 2927
1092 215 1236 223 -—r-.—--

474 300 672 342 Omnium
701 297 896 338 Ordinum
925 298 1170 335 naturalium
1198 296 1305 349 apud
1333 308 1406 335 nos
1435 295 1719 349 pauperrimus
1748 310 1807 338 est
1843 299 2002 350 Semife-

336 392 491 422 rarum3
521 377 642 430 plano
673 386 769 411 vero
798 373 946 411 desunt
977 370 1194 409 Edentula.
1253 372 1414 409 Desunt
1443 383 1539 423 ergo
1570 372 1732 411 Faunae
1756 384 1917 413 nostrae
1932 389 2003 427 (ge-2

336 467 429 491 nera
466 447 732 489 calidioribus
768 446 876 486 inter
911 444 1112 499 Tropicos
1142 443 1378 498 regionibus
1405 444 1571 493 tributa,
1603 460 1625 485 e
1662 445 1797 500 priore
1834 447 2004 487 ordinez

332 527 546 564 Simiarum
584 521 765 574 (uti-nec
794 521 882 576 ipsa
910 530 1021 570 certe
1050 520 1242 559 Humana
1270 521 1429 573 Species
1455 519 1499 559 in
1535 518 1601 560 his
1628 519 1866 560 borealibus
1887 532 2001 561 natu-

332 597 426 637 ralis
456 608 537 646 est,
575 598 647 637 sed
676 595 954 648 adventitia),
982 596 1214 644 Lemurum,
1252 595 1565 649 Didelphidum3
1596 609 1649 635 ex
1687 595 1818 635 altero
1855 595 2001 637 ordine

330 673 493 718 Manes,
520 673 912 726 Myrmecophagae,
949 671 1233 725 Bradypodes,
1270 671 1532 725 Dasypodes.
1591 670 1772 709 Exulant
1800 685 1922 725 porro
1955 670 1999 712 in

329 746 396 787 his
424 746 656 787 borealibus
685 749 900 802 polychela
930 750 1128 799 (magnae
1157 744 1278 785 molis
1308 744 1499 796 belluae)
1529 743 1682 784 omnia.
1741 745 1894 786 Contra
1929 761 1999 785 nu-

328 836 442 861 mero
465 820 696 876 specierum
719 832 761 860 et
777 821 1089 861 individuorum
1111 819 1355 875 praesertim
1384 818 1569 859 eminent
1598 820 1728 860 Glires
1756 830 1798 860 et
1825 821 1997 860 Lactan-

327 900 386 936 tia
414 900 584 943 marina,
615 894 790 946 Phocae,
821 896 1023 945 Rosmari‚
1055 896 1170 937 Cete.

463 991 703 1046 Specierum
731 1007 753 1032 e
782 992 1045 1033 Lactantium
1073 992 1200 1032 classe
1229 990 1430 1032 hactenus
1466 993 1776 1032 observatarum
1812 1005 1997 1032 numerus

324 1065 433 1104 intra
461 1066 567 1105 fines
598 1067 766 1121 Imperii
795 1067 970 1117 Rossici‚
1002 1067 1305 1107 connumeratis
1335 1066 1588 1116 domesticis,
1620 1079 1725 1120 quae
1748 1075 1886 1104 tamen
1910 1065 1997 1120 ple-

322 1154 447 1194 raque
479 1141 586 1195 apud
616 1156 689 1181 nos
718 1142 846 1182 etiam
874 1142 918 1182 in
947 1143 1034 1181 fero
1063 1153 1171 1181 statu
1198 1153 1438 1190 occurrunt,
1477 1155 1559 1181 non
1588 1140 1722 1179 multo
1758 1140 1865 1178 ultra
1897 1141 1995 1180 Cen-

323 1223 407 1254 tum
436 1224 473 1253 et
505 1218 797 1269 quinquaginta
833 1217 917 1256 fere
954 1215 1151 1269 exsurgit.
1196 1241 1245 1248 —-
1315 1219 1363 1256 In
1390 1214 1472 1255 hoc
1508 1229 1678 1254 numero
1716 1215 1857 1255 Novae
1899 1215 1994 1270 Spe-

321 1293 420 1334 cies,
466 1289 574 1342 apud
610 1304 683 1329 nos
720 1290 900 1345 primum
936 1290 1014 1330 rite
1051 1291 1290 1330 observatae
1327 1302 1369 1330 et
1404 1289 1600 1330 Rossicae
1637 1292 1801 1329 Faunae
1841 1290 1994 1345 partim

319 1361 572 1417 peculiares,
608 1365 715 1404 ultra
753 1367 1057 1421 Quinquaginta
1090 1365 1265 1420 produci
1293 1376 1481 1421 possunt,
1521 1380 1692 1420 quarum
1727 1368 1857 1419 major
1895 1381 1990 1421 pars

320 1448 383 1477 est
413 1453 465 1478 ex
495 1438 640 1479 ordine
671 1440 870 1492 Glirium,
922 1456 1005 1482 non
1043 1455 1199 1497 paucae
1235 1443 1442 1492 Ferarum,
1481 1452 1524 1481 et
1560 1440 1723 1496 aliquae
1760 1454 1813 1480 ex
1852 1443 1990 1495 Ungu-

319 1511 435 1552 latis:

316 1612 406 1644 Felis
433 1615 549 1653 manul,
576 1615 662 1648 Pall.
884 1616 1001 1650 phoca
1021 1615 1203 1659 scapularis,
1230 1616 1380 1660 Lepech.
1457 1618 1571 1658 Lepus
1597 1615 1737 1659 pusillus,
1765 1617 1800 1648 P.

337 1699 388 1708 »-
438 1682 631 1721 cato-lynx,
659 1683 844 1716 Guldenst.
920 1703 970 1710 .-
1021 1684 1181 1724 equestris,
1209 1687 1244 1716 P.
1491 1702 1540 1708 —
1592 1683 1806 1726 hyperboreas,
1836 1685 1871 1716 P.

316 1752 419 1784 Canis
447 1734 628 1791 melanotzis,
656 1754 690 1784 P.
919 1771 969 1780 ·-·
1021 1754 1198 1793 leucogona‚
1226 1755 1307 1796 Lep.
1453 1755 1532 1784 Mus
1561 1752 1723 1796 Typhlus,
1751 1753 1856 1786 Guld.

337 1836 387 1847 .-
438 1819 562 1860 korsak,
590 1821 660 1853 Lin.
883 1825 1072 1856 Erinaceus
1099 1823 1230 1863 auritus,
1259 1825 1293 1854 P.
1476 1842 1526 1849 -—
1564 1825 1709 1866 aspdax,
1737 1826 1771 1856 P.

337 1906 386 1915 --
437 1889 570 1932 alpinus,
597 1892 632 1923 P.
882 1895 993 1925 Sorex
1019 1893 1208 1934 moschatus,
1236 1893 1351 1926 Gmel.
1475 1913 1524 1920 --
1563 1896 1712 1938 talpinus,
1740 1897 1774 1927 P.

313 1961 459 1991 viverra
487 1960 590 2000 lutris,
619 1960 719 1995 Stell.
916 1981 967 1989 --
1029 1964 1162 2005 aarum,
1190 1964 1303 1997 Gmel.
1324 1965 1394 2007 jun.
1472 1983 1522 1991 -—
1561 1972 1735 2008 torquatus,
1764 1967 1798 1998 P.

311 2029 465 2060 Mustela
491 2029 627 2071 siffirim,
654 2033 688 2063 P.
914 2050 964 2061 --·
1015 2033 1148 2075 rufillus,
1176 2037 1210 2067 P.
1472 2054 1522 2062 -—
1560 2036 1699 2077 lenensis,
1727 2035 1839 2069 Gmel.

359 2117 408 2123 -
484 2097 648 2141 Zibellina,
676 2101 789 2135 Gmel.
914 2124 958 2130 -κ
1023 2104 1168 2145 minutus,
1195 2108 1313 2138 Laxm.
1470 2125 1520 2134 ·--
1558 2109 1700 2148 [agur-us,
1728 2109 1763 2139 P.

356 2160 414 2196 ---v
482 2169 674 2212 Sarmatica,
701 2172 806 2204 Guld.
912 2193 962 2200 --
1010 2184 1188 2218 pygmaeus,
1216 2179 1250 2209 P.
1470 2194 1520 2204 ω-
1557 2178 1687 2219 socialis,
1716 2182 1750 2211 P.

357 2257 407 2266 -—·
483 2241 662 2283 nigerrima,
689 2244 723 2275 P.
876 2245 988 2285 Lepus
1014 2243 1127 2285 Talai,
1154 2246 1269 2278 Gmel.
1469 2267 1515 2274 --
1554 2258 1740 2290 oeconomus,
1767 2251 1802 2282 P.

309 2309 426 2342 Phoca
452 2311 584 2352 leonina,
613 2312 712 2345 Stell,
914 2330 963 2339 —
1013 2314 1148 2357 alpinus,
1175 2317 1210 2349 P.
1467 2337 1517 2344 -—
1554 2320 1705 2360 gregalis,
1733 2320 1768 2351 P.

345 2395 396 2404 -—
445 2381 566 2421 ursina,
593 2382 703 2426 ejusd,
911 2385 986 2408 ——'
1013 2381 1170 2426 Ogotona,
1198 2388 1231 2418 P.
1466 2404 1515 2411 —-
1553 2388 1674 2429 rutilus,
1702 2391 1736 2420 P.
