2196 2927
891 184 1033 206 .---·-
1741 178 1791 215 ὅ]

264 285 305 324 N
313 295 373 325 ot.
426 285 658 327 Varietates
698 298 844 323 canum
873 280 1142 322 familiarium
1171 297 1312 323 omnes
1361 283 1481 323 Rossi
1518 284 1795 338 peculiaribus

130 359 479 414 appellationibus
509 359 792 412 designarunt,
837 356 938 398 licet
967 370 1049 396 non
1087 371 1229 395 omnes
1267 357 1509 411 indigenae,
1555 360 1627 398 sed
1656 360 1792 414 plures

127 434 276 474 ultimo
305 445 466 474 tanturn
495 433 657 473 saeculo
687 430 911 471 forinsecus
940 430 1082 471 illatae
1112 442 1154 470 et
1182 432 1366 470 nondum
1394 432 1438 471 in
1463 433 1605 473 dissita
1622 433 1793 488 Imperii

126 510 341 549 deductae.
413 511 514 548 Sunt
555 517 693 545 autem
735 521 830 546 vere
872 505 1062 560 indigeni
1104 520 1225 546 canes
1268 516 1310 545 et
1351 520 1477 560 usque
1513 507 1557 548 in
1600 508 1791 549 ultimam

125 583 320 623 Sibiriam
349 581 564 622 universae
594 581 754 621 boreali
783 580 943 635 regioni
978 579 1222 620 familiares:

230 717 265 739 a.
299 696 346 736 C.
377 696 640 744 domesticus,
684 697 994 752 (Dworowaja)
1038 695 1163 748 longo
1193 694 1316 744 villo,
1362 694 1606 749 praesertim
1636 699 1788 737 caudae

282 769 475 820 vestitus,
521 771 657 826 capite
696 782 735 811 et
767 770 904 810 colore
934 770 1178 825 plerumque
1228 769 1336 824 lupi,
1382 770 1450 809 vel
1493 769 1621 824 magis
1664 771 1788 820 fusco,

282 845 442 900 saepius
473 845 590 900 nigro
620 845 759 885 colore
790 844 949 884 varians
988 856 1029 884 et
1065 856 1163 884 tunc
1202 845 1448 899 quandoque
1487 845 1581 898 gula
1612 856 1652 884 et
1683 845 1791 885 notis

281 920 636 974 supraocularibus
674 919 918 974 ferrugineis
954 919 1194 974 insignitus3
1235 931 1277 959 et
1313 919 1348 958 is
1378 933 1451 973 pei·
1488 933 1654 959 omnem
1685 920 1789 960 Sibi·

280 995 384 1034 riam
413 1010 541 1049 usque
570 995 615 1034 in
646 994 1000 1044 Camtschatcam,
1046 994 1118 1034 ubi
1156 995 1207 1034 ad
1235 993 1373 1034 trahas
1402 993 1585 1047 jungitur
1614 992 1789 1046 jumenti

280 1070 392 1117 loco,
438 1068 764 1123 vulgatissimus3
809 1069 1009 1123 quicquid
1051 1071 1325 1122 Buffonius
1362 1070 1413 1110 de
1451 1067 1655 1123 peculiari
1685 1066 1788 1108 vari-

279 1155 387 1183 etate
417 1143 587 1183 sibirica
615 1143 848 1183 tradiderit.

222 1253 263 1295 β.
295 1246 445 1286 Eidem
475 1247 611 1298 affinis
640 1249 854 1295 laniarius,
905 1247 1035 1286 forma
1066 1246 1235 1294 similis,
1281 1246 1524 1300 plerumque
1555 1245 1685 1300 magis
1716 1244 1787 1284 mi-

277 1336 403 1361 nusve
462 1321 694 1370 lutescens,
753 1320 843 1376 pilo
899 1320 1017 1361 brevi
1061 1332 1101 1360 ct
1145 1320 1315 1369 stricto,
1375 1321 1586 1375 caudaque
1643 1319 1787 1368 tereti,

277 1395 554 1450 gracilentior.

241 1520 259 1538 ι.
292 1500 413 1555 Grajo
452 1498 604 1547 affinis,
651 1498 785 1538 minus
824 1498 1093 1552 gracilentus,
1138 1500 1381 1553 plerumque
1427 1498 1611 1546 auribus,
1657 1500 1787 1538 cauda

277 1585 316 1613 et
348 1584 507 1612 anuum
536 1572 696 1627 postica
727 1573 887 1612 fimbria
917 1573 1104 1627 longiore
1137 1573 1238 1612 villo
1270 1584 1454 1621 ornatus,
1496 1575 1604 1627 apud
1633 1576 1786 1612 Noma-

276 1647 358 1694 das,
392 1648 635 1687 Calmuccos
664 1658 705 1686 et
748 1646 1125 1701 Kirgiso-Tataros
1154 1647 1398 1701 praesertim
1440 1647 1636 1695 selectus,
1681 1645 1783 1685 varii

274 1720 443 1769 coloris,
477 1721 614 1775 aliqua
644 1736 764 1776 saepe
796 1721 909 1761 canis
939 1721 1053 1760 aurei
1084 1721 1374 1761 similitudine.

217 1827 245 1866 ἆ,
277 1825 421 1881 Grajus
452 1825 660 1879 (Borsajcz)
690 1825 914 1878 perfectus,
950 1823 1114 1878 majoris
1144 1835 1341 1873 staturae,
1375 1825 1428 1864 ad
1457 1825 1666 1879 leporum,
1698 1826 1784 1864 vul-

271 1898 406 1953 pium,
451 1897 536 1938 imo
576 1898 767 1953 luporum
797 1899 1064 1940 venationem
1105 1898 1242 1948 utilis,
1286 1901 1395 1954 apud
1425 1899 1598 1940 Caucasi
1641 1911 1782 1954 gentes

272 1984 313 2012 et
348 1976 687 2014 Tauro-Tataros
724 1975 967 2029 plerumque
1006 1976 1224 2021 educatus,
1269 1985 1311 2014 et
1338 1973 1493 2016 itidem
1519 1989 1639 2029 saepe
1672 1973 1782 2013 villis

271 2048 481 2101 eleganter
510 2047 756 2097 fimbriatus,
789 2049 1059 2104 gracillimus,

215 2173 243 2193 ρ.
276 2150 315 2188 V
313 2153 492 2204 alpinus,
524 2154 680 2204 (Liska)
711 2151 758 2191 in
786 2154 913 2206 pedes
944 2151 1165 2199 humilior,
1196 2151 1440 2206 plerumque
1471 2152 1624 2201 fulvus,
1670 2152 1780 2192 ssavi-

271 2239 365 2264 cans
396 2225 463 2264 vel
493 2226 654 2274 albens,
686 2225 929 2279 longissimo
958 2225 1065 2266 villo
1090 2236 1253 2281 praeter
1279 2237 1404 2282 caput
1425 2226 1643 2282 vulpinum
1667 2227 1782 2266 luxu«

269 2298 397 2348 rians,
441 2299 634 2340 auriculis
673 2300 803 2354 magis
834 2301 1020 2342 minusve
1050 2301 1244 2356 pendulis
1273 2312 1314 2342 et
1344 2302 1525 2349 villosi33
1570 2313 1779 2342 caeterum

267 2374 666 2429 consanguinitatem
692 2391 787 2416 cum
809 2375 1040 2431 vulpeculis
1067 2391 1150 2416 non
1181 2376 1315 2417 minus
1346 2389 1510 2432 aperte,
1541 2392 1663 2432 quam
1679 2380 1777 2416 Var.
