<?xml version="1.0" encoding="UTF-8"?>
<!DOCTYPE html PUBLIC "-//W3C//DTD XHTML 1.0 Transitional//EN"
    "http://www.w3.org/TR/xhtml1/DTD/xhtml1-transitional.dtd">
<html xmlns="http://www.w3.org/1999/xhtml" xml:lang="en" lang="en">
 <head>
  <title>
</title>
<meta http-equiv="Content-Type" content="text/html;charset=utf-8" />
  <meta name='ocr-system' content='tesseract 3.04.00' />
  <meta name='ocr-capabilities' content='ocr_page ocr_carea ocr_par ocr_line ocrx_word'/>
</head>
<body>
  <div class='ocr_page' id='page_1' title='image "./zoographiarossoa11831pall_0455.png"; bbox 0 0 2196 2927; ppageno 0'>
   <div class='ocr_carea' id='block_1_1' title="bbox 869 210 1768 254">
    <p class='ocr_par' dir='ltr' id='par_1_1' title="bbox 869 210 1768 254">
     <span class='ocr_line' id='line_1_1' title="bbox 869 210 1768 254; baseline -0.001 -20"><span class='ocrx_word' id='word_1_1' title='bbox 869 210 1012 234; x_wconf 56' lang='grc' dir='ltr'><strong>Ξ</strong></span> <span class='ocrx_word' id='word_1_2' title='bbox 1684 213 1768 254; x_wconf 71' lang='lat'>423</span> 
     </span>
    </p>
   </div>
   <div class='ocr_carea' id='block_1_2' title="bbox 96 308 1775 969">
    <p class='ocr_par' dir='ltr' id='par_1_2' title="bbox 319 308 1775 441">
     <span class='ocr_line' id='line_1_2' title="bbox 319 308 1775 366; baseline -0.001 -13"><span class='ocrx_word' id='word_1_3' title='bbox 319 311 493 353; x_wconf 81' lang='lat' dir='ltr'>Gracula</span> <span class='ocrx_word' id='word_1_4' title='bbox 523 310 729 359; x_wconf 72' lang='lat' dir='ltr'>sturnina,</span> <span class='ocrx_word' id='word_1_5' title='bbox 761 309 864 350; x_wconf 75' lang='lat' dir='ltr'>Pan.</span> <span class='ocrx_word' id='word_1_6' title='bbox 896 312 980 349; x_wconf 71' lang='lat' dir='ltr'>itin.</span> <span class='ocrx_word' id='word_1_7' title='bbox 1011 308 1082 347; x_wconf 87' lang='lat' dir='ltr'><strong><em>III.</em></strong></span> <span class='ocrx_word' id='word_1_8' title='bbox 1114 310 1282 366; x_wconf 78' lang='lat' dir='ltr'><em>append.</em></span> <span class='ocrx_word' id='word_1_9' title='bbox 1313 325 1352 365; x_wconf 85' lang='lat' dir='ltr'>p.</span> <span class='ocrx_word' id='word_1_10' title='bbox 1385 316 1474 363; x_wconf 80' lang='lat'>695.</span> <span class='ocrx_word' id='word_1_11' title='bbox 1505 327 1542 352; x_wconf 88' lang='grc' dir='ltr'>η.</span> <span class='ocrx_word' id='word_1_12' title='bbox 1570 329 1628 352; x_wconf 86' lang='grc' dir='ltr'>ιι.</span> <span class='ocrx_word' id='word_1_13' title='bbox 1660 312 1775 354; x_wconf 86' lang='lat' dir='ltr'>Gme-</span> 
     </span>
     <span class='ocr_line' id='line_1_3' title="bbox 372 388 1025 441; baseline -0.009 -13"><span class='ocrx_word' id='word_1_14' title='bbox 372 392 442 429; x_wconf 67' lang='lat' dir='ltr'>lin.</span> <span class='ocrx_word' id='word_1_15' title='bbox 471 398 572 441; x_wconf 65' lang='lat' dir='ltr'>syst.</span> <span class='ocrx_word' id='word_1_16' title='bbox 608 388 640 425; x_wconf 86' lang='grc' dir='ltr'>Ι.</span> <span class='ocrx_word' id='word_1_17' title='bbox 672 402 710 441; x_wconf 86' lang='lat' dir='ltr'>p.</span> <span class='ocrx_word' id='word_1_18' title='bbox 744 393 834 437; x_wconf 78' lang='lat'><strong>399.</strong></span> <span class='ocrx_word' id='word_1_19' title='bbox 871 400 931 440; x_wconf 82' lang='lat' dir='ltr'>sp.</span> <span class='ocrx_word' id='word_1_20' title='bbox 968 400 1025 423; x_wconf 88' lang='lat'>10.</span> 
     </span>
    </p>

    <p class='ocr_par' dir='ltr' id='par_1_3' title="bbox 317 460 1772 594">
     <span class='ocr_line' id='line_1_4' title="bbox 317 460 1772 518; baseline 0.001 -15"><span class='ocrx_word' id='word_1_21' title='bbox 317 465 486 503; x_wconf 86' lang='lat' dir='ltr'>Sturnus</span> <span class='ocrx_word' id='word_1_22' title='bbox 515 460 731 501; x_wconf 73' lang='lat' dir='ltr'>dauuricus</span> <span class='ocrx_word' id='word_1_23' title='bbox 774 462 878 501; x_wconf 81' lang='lat' dir='ltr'><em>Pall.</em></span> <span class='ocrx_word' id='word_1_24' title='bbox 909 471 987 500; x_wconf 74' lang='lat' dir='ltr'>acc.</span> <span class='ocrx_word' id='word_1_25' title='bbox 1019 462 1222 501; x_wconf 75' lang='lat' dir='ltr'>holmiens.</span> <span class='ocrx_word' id='word_1_26' title='bbox 1260 468 1371 515; x_wconf 75' lang='lat'><em>1778.</em></span> <span class='ocrx_word' id='word_1_27' title='bbox 1414 478 1452 517; x_wconf 87' lang='lat' dir='ltr'>p.</span> <span class='ocrx_word' id='word_1_28' title='bbox 1490 480 1577 515; x_wconf 77' lang='lat'>¹97·</span> <span class='ocrx_word' id='word_1_29' title='bbox 1618 463 1701 504; x_wconf 77' lang='lat' dir='ltr'>tab.</span> <span class='ocrx_word' id='word_1_30' title='bbox 1735 481 1772 518; x_wconf 80' lang='lat'>7·</span> 
     </span>
     <span class='ocr_line' id='line_1_5' title="bbox 372 538 543 594; baseline -0.012 -16"><span class='ocrx_word' id='word_1_31' title='bbox 372 538 543 594; x_wconf 85' lang='lat' dir='ltr'>optima.</span> 
     </span>
    </p>

    <p class='ocr_par' dir='ltr' id='par_1_4' title="bbox 96 610 1775 969">
     <span class='ocr_line' id='line_1_6' title="bbox 240 610 1772 669; baseline 0 -15"><span class='ocrx_word' id='word_1_32' title='bbox 240 619 287 654; x_wconf 89' lang='lat' dir='ltr'>In</span> <span class='ocrx_word' id='word_1_33' title='bbox 316 612 568 669; x_wconf 84' lang='lat' dir='ltr'>rupestribus</span> <span class='ocrx_word' id='word_1_34' title='bbox 599 610 749 666; x_wconf 82' lang='lat' dir='ltr'>apricis</span> <span class='ocrx_word' id='word_1_35' title='bbox 787 611 1016 658; x_wconf 77' lang='lat' dir='ltr'>Dauni-iae,</span> <span class='ocrx_word' id='word_1_36' title='bbox 1059 610 1168 651; x_wconf 87' lang='lat' dir='ltr'>inter</span> <span class='ocrx_word' id='word_1_37' title='bbox 1198 612 1393 652; x_wconf 91' lang='lat' dir='ltr'>Ononem</span> <span class='ocrx_word' id='word_1_38' title='bbox 1422 623 1463 652; x_wconf 88' lang='lat' dir='ltr'>et</span> <span class='ocrx_word' id='word_1_39' title='bbox 1491 615 1703 668; x_wconf 79' lang='lat' dir='ltr'>Argunum</span> <span class='ocrx_word' id='word_1_40' title='bbox 1735 615 1772 654; x_wconf 84' lang='lat' dir='ltr'>ss.</span> 
     </span>
     <span class='ocr_line' id='line_1_7' title="bbox 98 686 1772 747; baseline -0.002 -15"><span class='ocrx_word' id='word_1_41' title='bbox 98 693 308 747; x_wconf 78' lang='lat' dir='ltr'><strong>frequens,</strong></span> <span class='ocrx_word' id='word_1_42' title='bbox 347 687 450 728; x_wconf 78' lang='lat' dir='ltr'>alibi</span> <span class='ocrx_word' id='word_1_43' title='bbox 480 702 690 742; x_wconf 87' lang='lat' dir='ltr'>nunquam</span> <span class='ocrx_word' id='word_1_44' title='bbox 719 686 824 735; x_wconf 70' lang='lat' dir='ltr'>visa,</span> <span class='ocrx_word' id='word_1_45' title='bbox 870 702 946 727; x_wconf 91' lang='lat' dir='ltr'>nec</span> <span class='ocrx_word' id='word_1_46' title='bbox 988 703 1009 726; x_wconf 87' lang='lat' dir='ltr'>a</span> <span class='ocrx_word' id='word_1_47' title='bbox 1054 701 1263 742; x_wconf 81' lang='lat' dir='ltr'>quoquam</span> <span class='ocrx_word' id='word_1_48' title='bbox 1300 699 1394 727; x_wconf 87' lang='lat' dir='ltr'>ante</span> <span class='ocrx_word' id='word_1_49' title='bbox 1437 702 1502 728; x_wconf 85' lang='lat' dir='ltr'>me</span> <span class='ocrx_word' id='word_1_50' title='bbox 1545 689 1772 729; x_wconf 82' lang='lat' dir='ltr'>observata.</span> 
     </span>
     <span class='ocr_line' id='line_1_8' title="bbox 98 762 1769 818; baseline -0.003 -11"><span class='ocrx_word' id='word_1_51' title='bbox 98 770 144 807; x_wconf 91' lang='lat' dir='ltr'>In</span> <span class='ocrx_word' id='word_1_52' title='bbox 174 764 322 806; x_wconf 85' lang='lat' dir='ltr'>fissuris</span> <span class='ocrx_word' id='word_1_53' title='bbox 354 762 517 817; x_wconf 87' lang='lat' dir='ltr'>rupium</span> <span class='ocrx_word' id='word_1_54' title='bbox 547 763 771 804; x_wconf 82' lang='lat' dir='ltr'>nidulatur.</span> <span class='ocrx_word' id='word_1_55' title='bbox 830 763 921 803; x_wconf 76' lang='lat' dir='ltr'>Ova</span> <span class='ocrx_word' id='word_1_56' title='bbox 950 763 1092 818; x_wconf 86' lang='lat' dir='ltr'>pulcre</span> <span class='ocrx_word' id='word_1_57' title='bbox 1123 763 1365 817; x_wconf 78' lang='lat' dir='ltr'>aeruginose</span> <span class='ocrx_word' id='word_1_58' title='bbox 1394 763 1560 804; x_wconf 85' lang='lat' dir='ltr'>viridia.</span> <span class='ocrx_word' id='word_1_59' title='bbox 1619 764 1769 804; x_wconf 72' lang='lat' dir='ltr'>Volant</span> 
     </span>
     <span class='ocr_line' id='line_1_9' title="bbox 96 837 1775 896; baseline -0.001 -16"><span class='ocrx_word' id='word_1_60' title='bbox 96 842 233 896; x_wconf 84' lang='lat' dir='ltr'>plures</span> <span class='ocrx_word' id='word_1_61' title='bbox 264 838 386 878; x_wconf 86' lang='lat' dir='ltr'>simul</span> <span class='ocrx_word' id='word_1_62' title='bbox 416 849 457 877; x_wconf 85' lang='lat' dir='ltr'>et</span> <span class='ocrx_word' id='word_1_63' title='bbox 487 850 689 878; x_wconf 78' lang='lat' dir='ltr'>venantur</span> <span class='ocrx_word' id='word_1_64' title='bbox 719 854 835 892; x_wconf 47' lang='lat' dir='ltr'>ape&amp;</span> <span class='ocrx_word' id='word_1_65' title='bbox 867 838 1031 893; x_wconf 83' lang='lat' dir='ltr'>aliaque</span> <span class='ocrx_word' id='word_1_66' title='bbox 1061 837 1232 879; x_wconf 81' lang='lat' dir='ltr'>insecta.</span> <span class='ocrx_word' id='word_1_67' title='bbox 1292 842 1420 888; x_wconf 87' lang='lat' dir='ltr'>Vere,</span> <span class='ocrx_word' id='word_1_68' title='bbox 1463 854 1590 892; x_wconf 88' lang='lat' dir='ltr'>quum</span> <span class='ocrx_word' id='word_1_69' title='bbox 1621 854 1643 878; x_wconf 85' lang='lat' dir='ltr'>e</span> <span class='ocrx_word' id='word_1_70' title='bbox 1675 837 1775 880; x_wconf 84' lang='lat' dir='ltr'>Chi-</span> 
     </span>
     <span class='ocr_line' id='line_1_10' title="bbox 97 911 1774 969; baseline -0.001 -14"><span class='ocrx_word' id='word_1_71' title='bbox 97 931 147 955; x_wconf 85' lang='lat' dir='ltr'>na</span> <span class='ocrx_word' id='word_1_72' title='bbox 187 916 437 963; x_wconf 78' lang='lat' dir='ltr'>adventant,</span> <span class='ocrx_word' id='word_1_73' title='bbox 490 913 587 954; x_wconf 83' lang='lat' dir='ltr'>allia</span> <span class='ocrx_word' id='word_1_74' title='bbox 630 913 906 968; x_wconf 75' lang='lat' dir='ltr'><strong>germinantia</strong></span> <span class='ocrx_word' id='word_1_75' title='bbox 955 924 998 954; x_wconf 85' lang='lat' dir='ltr'>et</span> <span class='ocrx_word' id='word_1_76' title='bbox 1042 911 1177 953; x_wconf 81' lang='lat' dir='ltr'>adhuc</span> <span class='ocrx_word' id='word_1_77' title='bbox 1219 924 1360 954; x_wconf 79' lang='lat' dir='ltr'>tenera</span> <span class='ocrx_word' id='word_1_78' title='bbox 1403 925 1605 969; x_wconf 80' lang='lat' dir='ltr'>carpunt,</span> <span class='ocrx_word' id='word_1_79' title='bbox 1659 913 1774 953; x_wconf 80' lang='lat' dir='ltr'>inde·</span> 
     </span>
    </p>
   </div>
   <div class='ocr_carea' id='block_1_3' title="bbox 95 991 374 1045">
    <p class='ocr_par' dir='ltr' id='par_1_5' title="bbox 95 991 374 1045">
     <span class='ocr_line' id='line_1_11' title="bbox 95 991 374 1045; baseline -0.007 -16"><span class='ocrx_word' id='word_1_80' title='bbox 95 1005 174 1045; x_wconf 85' lang='lat' dir='ltr'>que</span> <span class='ocrx_word' id='word_1_81' title='bbox 203 991 374 1030; x_wconf 83' lang='lat' dir='ltr'>foetent.</span> 
     </span>
    </p>
   </div>
   <div class='ocr_carea' id='block_1_4' title="bbox 93 1075 1773 1582">
    <p class='ocr_par' dir='ltr' id='par_1_6' title="bbox 93 1075 1773 1582">
     <span class='ocr_line' id='line_1_12' title="bbox 232 1075 1770 1132; baseline 0.001 -17"><span class='ocrx_word' id='word_1_82' title='bbox 232 1077 360 1116; x_wconf 75' lang='lat' dir='ltr'>Dese</span> <span class='ocrx_word' id='word_1_83' title='bbox 373 1090 404 1115; x_wconf 87' lang='lat' dir='ltr'>r.</span> <span class='ocrx_word' id='word_1_84' title='bbox 477 1077 717 1116; x_wconf 82' lang='lat' dir='ltr'>Admodum</span> <span class='ocrx_word' id='word_1_85' title='bbox 766 1075 950 1131; x_wconf 83' lang='lat' dir='ltr'>speciosa</span> <span class='ocrx_word' id='word_1_86' title='bbox 997 1075 1108 1125; x_wconf 84' lang='lat' dir='ltr'>avis,</span> <span class='ocrx_word' id='word_1_87' title='bbox 1169 1075 1458 1131; x_wconf 76' lang='lat' dir='ltr'>magnitudine</span> <span class='ocrx_word' id='word_1_88' title='bbox 1508 1076 1770 1132; x_wconf 67' lang='lat' dir='ltr'>Ampelidisg</span> 
     </span>
     <span class='ocr_line' id='line_1_13' title="bbox 95 1149 1773 1206; baseline -0.001 -15"><span class='ocrx_word' id='word_1_89' title='bbox 95 1149 338 1205; x_wconf 78' lang='lat' dir='ltr'>brachyura.</span> <span class='ocrx_word' id='word_1_90' title='bbox 413 1153 569 1206; x_wconf 81' lang='lat' dir='ltr'>Corpus</span> <span class='ocrx_word' id='word_1_91' title='bbox 598 1150 982 1200; x_wconf 87' lang='lat' dir='ltr'>cano-cinereum,</span> <span class='ocrx_word' id='word_1_92' title='bbox 1030 1151 1182 1206; x_wconf 78' lang='lat' dir='ltr'>plumis</span> <span class='ocrx_word' id='word_1_93' title='bbox 1212 1151 1380 1192; x_wconf 84' lang='lat' dir='ltr'>strictis.</span> <span class='ocrx_word' id='word_1_94' title='bbox 1451 1153 1619 1192; x_wconf 78' lang='lat' dir='ltr'><em>Macula</em></span> <span class='ocrx_word' id='word_1_95' title='bbox 1649 1151 1773 1191; x_wconf 83' lang='lat' dir='ltr'>verti-</span> 
     </span>
     <span class='ocr_line' id='line_1_14' title="bbox 93 1225 1773 1281; baseline -0.001 -15"><span class='ocrx_word' id='word_1_96' title='bbox 93 1225 172 1275; x_wconf 85' lang='lat' dir='ltr'>cis,</span> <span class='ocrx_word' id='word_1_97' title='bbox 217 1227 466 1280; x_wconf 81' lang='lat' dir='ltr'>dorsumque</span> <span class='ocrx_word' id='word_1_98' title='bbox 508 1225 617 1265; x_wconf 89' lang='lat' dir='ltr'>inter</span> <span class='ocrx_word' id='word_1_99' title='bbox 654 1226 737 1264; x_wconf 75' lang='lat' dir='ltr'>alas</span> <span class='ocrx_word' id='word_1_100' title='bbox 767 1237 809 1266; x_wconf 89' lang='lat' dir='ltr'>et</span> <span class='ocrx_word' id='word_1_101' title='bbox 837 1225 1030 1266; x_wconf 86' lang='lat' dir='ltr'>tectrices</span> <span class='ocrx_word' id='word_1_102' title='bbox 1056 1227 1214 1266; x_wconf 79' lang='lat' dir='ltr'>caudae</span> <span class='ocrx_word' id='word_1_103' title='bbox 1245 1225 1525 1281; x_wconf 80' lang='lat' dir='ltr'>pulcherrime</span> <span class='ocrx_word' id='word_1_104' title='bbox 1568 1226 1773 1266; x_wconf 80' lang='lat' dir='ltr'>violaceo-</span> 
     </span>
     <span class='ocr_line' id='line_1_15' title="bbox 95 1300 1773 1356; baseline -0.002 -14"><span class='ocrx_word' id='word_1_105' title='bbox 95 1313 192 1342; x_wconf 85' lang='lat' dir='ltr'>atra.</span> <span class='ocrx_word' id='word_1_106' title='bbox 251 1303 356 1341; x_wconf 82' lang='lat' dir='ltr'>Alae</span> <span class='ocrx_word' id='word_1_107' title='bbox 386 1301 595 1356; x_wconf 80' lang='lat' dir='ltr'>caudaque</span> <span class='ocrx_word' id='word_1_108' title='bbox 626 1300 811 1355; x_wconf 85' lang='lat' dir='ltr'>aequalis</span> <span class='ocrx_word' id='word_1_109' title='bbox 841 1315 936 1340; x_wconf 88' lang='lat' dir='ltr'>cum</span> <span class='ocrx_word' id='word_1_110' title='bbox 966 1300 1094 1340; x_wconf 85' lang='lat' dir='ltr'>viridi</span> <span class='ocrx_word' id='word_1_111' title='bbox 1124 1300 1272 1340; x_wconf 85' lang='lat' dir='ltr'>nitore.</span> <span class='ocrx_word' id='word_1_112' title='bbox 1339 1303 1476 1355; x_wconf 74' lang='lat' dir='ltr'>Striga</span> <span class='ocrx_word' id='word_1_113' title='bbox 1506 1300 1672 1355; x_wconf 80' lang='lat' dir='ltr'>gemina</span> <span class='ocrx_word' id='word_1_114' title='bbox 1699 1314 1773 1356; x_wconf 84' lang='lat' dir='ltr'>per</span> 
     </span>
     <span class='ocr_line' id='line_1_16' title="bbox 95 1375 1773 1430; baseline -0.001 -14"><span class='ocrx_word' id='word_1_115' title='bbox 95 1377 178 1417; x_wconf 82' lang='lat' dir='ltr'>alas</span> <span class='ocrx_word' id='word_1_116' title='bbox 211 1376 313 1416; x_wconf 85' lang='lat' dir='ltr'>alba.</span> <span class='ocrx_word' id='word_1_117' title='bbox 372 1377 537 1416; x_wconf 83' lang='lat' dir='ltr'><strong><em>Femina</em></strong></span> <span class='ocrx_word' id='word_1_118' title='bbox 566 1376 691 1430; x_wconf 80' lang='lat' dir='ltr'>paulo</span> <span class='ocrx_word' id='word_1_119' title='bbox 720 1375 851 1430; x_wconf 81' lang='lat' dir='ltr'>magis</span> <span class='ocrx_word' id='word_1_120' title='bbox 880 1376 1069 1425; x_wconf 87' lang='lat' dir='ltr'>decolor,</span> <span class='ocrx_word' id='word_1_121' title='bbox 1114 1375 1279 1416; x_wconf 87' lang='lat' dir='ltr'>sordide</span> <span class='ocrx_word' id='word_1_122' title='bbox 1310 1375 1498 1423; x_wconf 83' lang='lat' dir='ltr'>cinerea,</span> <span class='ocrx_word' id='word_1_123' title='bbox 1543 1377 1665 1416; x_wconf 89' lang='lat' dir='ltr'>dorso</span> <span class='ocrx_word' id='word_1_124' title='bbox 1694 1376 1773 1415; x_wconf 87' lang='lat' dir='ltr'>fus-</span> 
     </span>
     <span class='ocr_line' id='line_1_17' title="bbox 94 1450 1772 1507; baseline -0.001 -16"><span class='ocrx_word' id='word_1_125' title='bbox 94 1466 167 1501; x_wconf 88' lang='lat' dir='ltr'>co,</span> <span class='ocrx_word' id='word_1_126' title='bbox 212 1451 286 1491; x_wconf 85' lang='lat' dir='ltr'>alis</span> <span class='ocrx_word' id='word_1_127' title='bbox 315 1453 527 1505; x_wconf 81' lang='lat' dir='ltr'>caudaque</span> <span class='ocrx_word' id='word_1_128' title='bbox 557 1450 645 1490; x_wconf 88' lang='lat' dir='ltr'>sine</span> <span class='ocrx_word' id='word_1_129' title='bbox 676 1451 894 1507; x_wconf 79' lang='lat' dir='ltr'>splendore</span> <span class='ocrx_word' id='word_1_130' title='bbox 932 1450 1075 1505; x_wconf 81' lang='lat' dir='ltr'>nigris.</span> <span class='ocrx_word' id='word_1_131' title='bbox 1151 1451 1314 1491; x_wconf 80' lang='lat' dir='ltr'>Pondus</span> <span class='ocrx_word' id='word_1_132' title='bbox 1341 1450 1488 1491; x_wconf 88' lang='lat' dir='ltr'>unciae</span> <span class='ocrx_word' id='word_1_133' title='bbox 1519 1466 1614 1491; x_wconf 88' lang='lat' dir='ltr'>cum</span> <span class='ocrx_word' id='word_1_134' title='bbox 1642 1450 1772 1491; x_wconf 88' lang='lat' dir='ltr'>tribus</span> 
     </span>
     <span class='ocr_line' id='line_1_18' title="bbox 94 1525 1773 1582; baseline 0 -17"><span class='ocrx_word' id='word_1_135' title='bbox 94 1526 251 1581; x_wconf 87' lang='lat' dir='ltr'>quartis</span> <span class='ocrx_word' id='word_1_136' title='bbox 280 1526 485 1582; x_wconf 85' lang='lat' dir='ltr'>partibus,</span> <span class='ocrx_word' id='word_1_137' title='bbox 514 1527 756 1581; x_wconf 84' lang='lat' dir='ltr'>plerumque</span> <span class='ocrx_word' id='word_1_138' title='bbox 786 1526 910 1580; x_wconf 86' lang='lat' dir='ltr'>paulo</span> <span class='ocrx_word' id='word_1_139' title='bbox 941 1529 1083 1579; x_wconf 86' lang='lat' dir='ltr'>majus.</span> <span class='ocrx_word' id='word_1_140' title='bbox 1143 1530 1249 1566; x_wconf 92' lang='lat' dir='ltr'>Cum</span> <span class='ocrx_word' id='word_1_141' title='bbox 1279 1526 1436 1566; x_wconf 88' lang='lat' dir='ltr'>Sturnis</span> <span class='ocrx_word' id='word_1_142' title='bbox 1466 1525 1594 1566; x_wconf 85' lang='lat' dir='ltr'>etiam</span> <span class='ocrx_word' id='word_1_143' title='bbox 1616 1527 1773 1580; x_wconf 85' lang='lat' dir='ltr'>pluma-</span> 
     </span>
    </p>
   </div>
   <div class='ocr_carea' id='block_1_5' title="bbox 94 1599 1773 1656">
    <p class='ocr_par' dir='ltr' id='par_1_7' title="bbox 94 1599 1773 1656">
     <span class='ocr_line' id='line_1_19' title="bbox 94 1599 1773 1656; baseline 0.001 -16"><span class='ocrx_word' id='word_1_144' title='bbox 94 1617 184 1641; x_wconf 88' lang='lat' dir='ltr'>rum</span> <span class='ocrx_word' id='word_1_145' title='bbox 236 1613 379 1642; x_wconf 83' lang='lat' dir='ltr'>natura</span> <span class='ocrx_word' id='word_1_146' title='bbox 423 1612 465 1641; x_wconf 90' lang='lat' dir='ltr'>et</span> <span class='ocrx_word' id='word_1_147' title='bbox 504 1601 596 1643; x_wconf 86' lang='lat' dir='ltr'>sinu</span> <span class='ocrx_word' id='word_1_148' title='bbox 638 1600 759 1641; x_wconf 85' lang='lat' dir='ltr'>rostri</span> <span class='ocrx_word' id='word_1_149' title='bbox 807 1600 1033 1651; x_wconf 86' lang='lat' dir='ltr'>convenit,</span> <span class='ocrx_word' id='word_1_150' title='bbox 1093 1616 1328 1656; x_wconf 78' lang='lat' dir='ltr'>quanquam</span> <span class='ocrx_word' id='word_1_151' title='bbox 1378 1599 1461 1641; x_wconf 91' lang='lat' dir='ltr'>hoc</span> <span class='ocrx_word' id='word_1_152' title='bbox 1508 1600 1675 1641; x_wconf 86' lang='lat' dir='ltr'>brevius</span> <span class='ocrx_word' id='word_1_153' title='bbox 1729 1611 1773 1641; x_wconf 83' lang='lat' dir='ltr'>et</span> 
     </span>
    </p>
   </div>
   <div class='ocr_carea' id='block_1_6' title="bbox 94 1677 336 1718">
    <p class='ocr_par' dir='ltr' id='par_1_8' title="bbox 94 1677 336 1718">
     <span class='ocr_line' id='line_1_20' title="bbox 94 1677 336 1718; baseline 0.004 -1"><span class='ocrx_word' id='word_1_154' title='bbox 94 1677 336 1718; x_wconf 79' lang='lat' dir='ltr'>convexius.</span> 
     </span>
    </p>
   </div>
   <div class='ocr_carea' id='block_1_7' title="bbox 93 1768 1771 2048">
    <p class='ocr_par' dir='ltr' id='par_1_9' title="bbox 93 1768 1771 2048">
     <span class='ocr_line' id='line_1_21' title="bbox 228 1768 1770 1824; baseline 0 -16"><span class='ocrx_word' id='word_1_155' title='bbox 228 1770 270 1808; x_wconf 91' lang='lat' dir='ltr'><em>N</em></span> <span class='ocrx_word' id='word_1_156' title='bbox 278 1779 372 1809; x_wconf 75' lang='lat' dir='ltr'>ota.</span> <span class='ocrx_word' id='word_1_157' title='bbox 430 1769 584 1809; x_wconf 74' lang='lat' dir='ltr'>Habitu</span> <span class='ocrx_word' id='word_1_158' title='bbox 613 1780 656 1809; x_wconf 90' lang='lat' dir='ltr'>et</span> <span class='ocrx_word' id='word_1_159' title='bbox 695 1768 988 1809; x_wconf 70' lang='lat' dir='ltr'>distributione</span> <span class='ocrx_word' id='word_1_160' title='bbox 1035 1768 1219 1808; x_wconf 84' lang='lat' dir='ltr'>colorum</span> <span class='ocrx_word' id='word_1_161' title='bbox 1260 1768 1452 1824; x_wconf 82' lang='lat' dir='ltr'>proxime</span> <span class='ocrx_word' id='word_1_162' title='bbox 1493 1769 1545 1808; x_wconf 88' lang='lat' dir='ltr'>ad</span> <span class='ocrx_word' id='word_1_163' title='bbox 1588 1778 1770 1808; x_wconf 86' lang='lat' dir='ltr'>nostram</span> 
     </span>
     <span class='ocr_line' id='line_1_22' title="bbox 94 1841 1771 1898; baseline 0 -16"><span class='ocrx_word' id='word_1_164' title='bbox 94 1856 215 1883; x_wconf 87' lang='lat' dir='ltr'>avem</span> <span class='ocrx_word' id='word_1_165' title='bbox 246 1845 443 1884; x_wconf 81' lang='lat' dir='ltr'>accedere</span> <span class='ocrx_word' id='word_1_166' title='bbox 483 1844 665 1884; x_wconf 80' lang='lat' dir='ltr'>videtur:</span> <span class='ocrx_word' id='word_1_167' title='bbox 710 1844 917 1885; x_wconf 76' lang='lat' dir='ltr'>Oenanthe</span> <span class='ocrx_word' id='word_1_168' title='bbox 962 1843 1037 1897; x_wconf 89' lang='lat' dir='ltr'>(sic</span> <span class='ocrx_word' id='word_1_169' title='bbox 1068 1843 1199 1896; x_wconf 81' lang='lat' dir='ltr'>dicta)</span> <span class='ocrx_word' id='word_1_170' title='bbox 1245 1858 1392 1898; x_wconf 82' lang='lat' dir='ltr'>magna</span> <span class='ocrx_word' id='word_1_171' title='bbox 1434 1841 1771 1898; x_wconf 84' lang='lat' dir='ltr'>Philippinarum</span> 
     </span>
     <span class='ocr_line' id='line_1_23' title="bbox 94 1918 1769 1973; baseline -0.001 -16"><span class='ocrx_word' id='word_1_172' title='bbox 94 1918 288 1973; x_wconf 79' lang='lat' dir='ltr'>(Troquet</span> <span class='ocrx_word' id='word_1_173' title='bbox 318 1920 386 1958; x_wconf 78' lang='lat' dir='ltr'>des</span> <span class='ocrx_word' id='word_1_174' title='bbox 411 1920 677 1973; x_wconf 78' lang='lat' dir='ltr'>thlippines)</span> <span class='ocrx_word' id='word_1_175' title='bbox 713 1920 1058 1960; x_wconf 80' lang='lat' dir='ltr'>D’Aubentoni</span> <span class='ocrx_word' id='word_1_176' title='bbox 1087 1924 1189 1959; x_wconf 86' lang='lat' dir='ltr'>icon.</span> <span class='ocrx_word' id='word_1_177' title='bbox 1220 1923 1295 1959; x_wconf 83' lang='lat' dir='ltr'>col.</span> <span class='ocrx_word' id='word_1_178' title='bbox 1327 1919 1409 1958; x_wconf 80' lang='lat' dir='ltr'>tab.</span> <span class='ocrx_word' id='word_1_179' title='bbox 1442 1925 1528 1959; x_wconf 78' lang='lat'>185.</span> <span class='ocrx_word' id='word_1_180' title='bbox 1558 1920 1626 1957; x_wconf 91' lang='lat' dir='ltr'>An</span> <span class='ocrx_word' id='word_1_181' title='bbox 1655 1932 1769 1957; x_wconf 90' lang='lat' dir='ltr'>eous-</span> 
     </span>
     <span class='ocr_line' id='line_1_24' title="bbox 93 1992 1770 2048; baseline 0.002 -18"><span class='ocrx_word' id='word_1_182' title='bbox 93 2006 173 2046; x_wconf 85' lang='lat' dir='ltr'>que</span> <span class='ocrx_word' id='word_1_183' title='bbox 205 2006 277 2046; x_wconf 88' lang='lat' dir='ltr'>per</span> <span class='ocrx_word' id='word_1_184' title='bbox 304 1992 447 2033; x_wconf 70' lang='lat' dir='ltr'>Asiam</span> <span class='ocrx_word' id='word_1_185' title='bbox 478 1993 724 2033; x_wconf 82' lang='lat' dir='ltr'>orientalem</span> <span class='ocrx_word' id='word_1_186' title='bbox 768 1994 952 2033; x_wconf 83' lang='lat' dir='ltr'>excurrit</span> <span class='ocrx_word' id='word_1_187' title='bbox 988 1993 1173 2048; x_wconf 74' lang='lat' dir='ltr'>species?</span> <span class='ocrx_word' id='word_1_188' title='bbox 1213 1993 1341 2033; x_wconf 77' lang='lat' dir='ltr'>etiam</span> <span class='ocrx_word' id='word_1_189' title='bbox 1380 1993 1565 2046; x_wconf 84' lang='lat' dir='ltr'>ejusdem</span> <span class='ocrx_word' id='word_1_190' title='bbox 1593 1993 1632 2032; x_wconf 87' lang='lat' dir='ltr'>le</span> <span class='ocrx_word' id='word_1_191' title='bbox 1661 1994 1770 2033; x_wconf 71' lang='lat' dir='ltr'>Ktnh</span> 
     </span>
    </p>
   </div>
   <div class='ocr_carea' id='block_1_8' title="bbox 94 2067 962 2120">
    <p class='ocr_par' dir='ltr' id='par_1_10' title="bbox 94 2067 962 2120">
     <span class='ocr_line' id='line_1_25' title="bbox 94 2067 962 2120; baseline 0.001 -15"><span class='ocrx_word' id='word_1_192' title='bbox 94 2067 143 2106; x_wconf 83' lang='lat' dir='ltr'>de</span> <span class='ocrx_word' id='word_1_193' title='bbox 173 2070 214 2108; x_wconf 86' lang='lat' dir='ltr'>la</span> <span class='ocrx_word' id='word_1_194' title='bbox 244 2069 355 2107; x_wconf 81' lang='lat' dir='ltr'>chine</span> <span class='ocrx_word' id='word_1_195' title='bbox 384 2085 422 2108; x_wconf 83' lang='lat' dir='ltr'>u.</span> <span class='ocrx_word' id='word_1_196' title='bbox 454 2075 545 2120; x_wconf 84' lang='lat'>617.</span> <span class='ocrx_word' id='word_1_197' title='bbox 584 2079 723 2108; x_wconf 88' lang='lat' dir='ltr'>nostro</span> <span class='ocrx_word' id='word_1_198' title='bbox 753 2068 962 2108; x_wconf 89' lang='lat' dir='ltr'>convenit.</span> 
     </span>
    </p>
   </div>
   <div class='ocr_carea' id='block_1_9' title="bbox 232 2172 1765 2460">
    <p class='ocr_par' dir='ltr' id='par_1_11' title="bbox 232 2172 1765 2460">
     <span class='ocr_line' id='line_1_26' title="bbox 257 2172 1611 2224; baseline -0.001 -8"><span class='ocrx_word' id='word_1_199' title='bbox 257 2177 338 2224; x_wconf 84' lang='lat'>73.</span> <span class='ocrx_word' id='word_1_200' title='bbox 430 2173 457 2213; x_wconf 90' lang='lat' dir='ltr'>S</span> <span class='ocrx_word' id='word_1_201' title='bbox 485 2172 528 2213; x_wconf 93' lang='lat' dir='ltr'>T</span> <span class='ocrx_word' id='word_1_202' title='bbox 559 2172 597 2213; x_wconf 95' lang='lat' dir='ltr'><strong>U</strong></span> <span class='ocrx_word' id='word_1_203' title='bbox 627 2173 664 2214; x_wconf 82' lang='lat' dir='ltr'>R</span> <span class='ocrx_word' id='word_1_204' title='bbox 693 2173 731 2215; x_wconf 88' lang='lat' dir='ltr'>N</span> <span class='ocrx_word' id='word_1_205' title='bbox 761 2174 801 2216; x_wconf 93' lang='lat' dir='ltr'><strong>U</strong></span> <span class='ocrx_word' id='word_1_206' title='bbox 830 2174 856 2214; x_wconf 80' lang='lat' dir='ltr'>S</span> <span class='ocrx_word' id='word_1_207' title='bbox 930 2174 1166 2215; x_wconf 72' lang='lat' dir='ltr'>Cinclus.</span> <span class='ocrx_word' id='word_1_208' title='bbox 1243 2173 1383 2215; x_wconf 79' lang='lat' dir='ltr'><em>TAB.</em></span> <span class='ocrx_word' id='word_1_209' title='bbox 1421 2172 1611 2216; x_wconf 89' lang='lat' dir='ltr'><em>XVIII.</em></span> 
     </span>
     <span class='ocr_line' id='line_1_27' title="bbox 232 2252 1326 2307; baseline 0.001 -13"><span class='ocrx_word' id='word_1_210' title='bbox 232 2255 271 2294; x_wconf 85' lang='lat' dir='ltr'>S.</span> <span class='ocrx_word' id='word_1_211' title='bbox 305 2252 593 2307; x_wconf 73' lang='lat' dir='ltr'>fusco-niger,</span> <span class='ocrx_word' id='word_1_212' title='bbox 623 2254 733 2293; x_wconf 80' lang='lat' dir='ltr'>collo</span> <span class='ocrx_word' id='word_1_213' title='bbox 763 2255 902 2294; x_wconf 87' lang='lat' dir='ltr'>subtus</span> <span class='ocrx_word' id='word_1_214' title='bbox 932 2253 1139 2294; x_wconf 86' lang='lat' dir='ltr'>discolore</span> <span class='ocrx_word' id='word_1_215' title='bbox 1177 2254 1326 2307; x_wconf 83' lang='lat' dir='ltr'>(albo).</span> 
     </span>
     <span class='ocr_line' id='line_1_28' title="bbox 309 2328 1765 2386; baseline 0.004 -20"><span class='ocrx_word' id='word_1_216' title='bbox 309 2328 470 2367; x_wconf 59' lang='lat' dir='ltr'>Merula</span> <span class='ocrx_word' id='word_1_217' title='bbox 511 2328 699 2382; x_wconf 83' lang='lat' dir='ltr'>aquatica</span> <span class='ocrx_word' id='word_1_218' title='bbox 742 2328 1048 2384; x_wconf 84' lang='lat' dir='ltr'>antiquiorum,</span> <span class='ocrx_word' id='word_1_219' title='bbox 1101 2330 1318 2384; x_wconf 68' lang='lat' dir='ltr'>thlughb.</span> <span class='ocrx_word' id='word_1_220' title='bbox 1362 2332 1503 2371; x_wconf 80' lang='lat' dir='ltr'>ornith.</span> <span class='ocrx_word' id='word_1_221' title='bbox 1547 2346 1642 2386; x_wconf 74' lang='lat' dir='ltr'>pag,</span> <span class='ocrx_word' id='word_1_222' title='bbox 1680 2341 1765 2383; x_wconf 72' lang='lat'><strong>104.</strong></span> 
     </span>
     <span class='ocr_line' id='line_1_29' title="bbox 365 2404 1764 2460; baseline 0.005 -18"><span class='ocrx_word' id='word_1_223' title='bbox 365 2404 446 2443; x_wconf 76' lang='lat' dir='ltr'>tab.</span> <span class='ocrx_word' id='word_1_224' title='bbox 481 2413 544 2453; x_wconf 71' lang='lat'>24.</span> <span class='ocrx_word' id='word_1_225' title='bbox 574 2405 665 2460; x_wconf 76' lang='lat' dir='ltr'><em>Raj.</em></span> <span class='ocrx_word' id='word_1_226' title='bbox 696 2420 787 2458; x_wconf 75' lang='lat' dir='ltr'>syn.</span> <span class='ocrx_word' id='word_1_227' title='bbox 819 2421 881 2445; x_wconf 86' lang='lat' dir='ltr'>av.</span> <span class='ocrx_word' id='word_1_228' title='bbox 914 2421 953 2460; x_wconf 81' lang='lat' dir='ltr'>p.</span> <span class='ocrx_word' id='word_1_229' title='bbox 987 2411 1050 2446; x_wconf 82' lang='lat'>66.</span> <span class='ocrx_word' id='word_1_230' title='bbox 1080 2422 1118 2445; x_wconf 84' lang='grc' dir='ltr'>η.</span> <span class='ocrx_word' id='word_1_231' title='bbox 1149 2423 1187 2459; x_wconf 91' lang='lat'>7.</span> <span class='ocrx_word' id='word_1_232' title='bbox 1221 2407 1359 2447; x_wconf 84' lang='lat' dir='ltr'>Albin.</span> <span class='ocrx_word' id='word_1_233' title='bbox 1388 2422 1451 2447; x_wconf 85' lang='lat' dir='ltr'>av.</span> <span class='ocrx_word' id='word_1_234' title='bbox 1481 2408 1536 2447; x_wconf 89' lang='lat' dir='ltr'>II.</span> <span class='ocrx_word' id='word_1_235' title='bbox 1584 2408 1666 2448; x_wconf 74' lang='lat' dir='ltr'>tab.</span> <span class='ocrx_word' id='word_1_236' title='bbox 1699 2415 1764 2460; x_wconf 83' lang='lat'>39.</span> 
     </span>
    </p>
   </div>
  </div>
 </body>
</html>
