2196 2927
119 280 250 323 herba
279 280 446 323 Linaria
475 283 630 336 majore
659 292 730 322 seu
757 277 992 335 Aethiope,
1023 291 1149 334 quam
1175 279 1364 322 aniculae
1386 280 1496 322 inter
1518 284 1669 323 Russos
1693 284 1793 325 Kos-

117 361 250 399 salom
279 357 469 411 (falcium
498 358 738 410 fractorem)
768 355 1001 411 appellant,
1032 353 1193 408 magice
1224 370 1423 407 reserare,
1462 359 1570 414 apud
1598 359 1793 415 plebecu-

117 432 200 474 lam
230 434 358 474 fertur
386 433 537 474 fabula.
607 433 711 473 Ossa
738 431 890 471 siccata
926 430 971 469 in
999 429 1171 485 pulvere
1208 431 1425 472 calculosis
1467 435 1661 488 prodesse
1706 449 1793 475 cre-

118 508 283 547 duntur.
340 511 380 548 A
410 506 596 548 Votiacis
625 505 669 546 in
696 505 899 546 sacrificio
929 504 1072 545 messis
1102 506 1359 545 comburitur
1382 508 1502 548 Picus
1525 510 1681 560 varius,
1714 510 1793 551 sin-

116 583 249 637 gulari
276 582 583 640 superstitione.
640 580 775 622 Jacuti
803 581 903 621 Pico
931 595 1006 636 per
1035 579 1221 620 medium
1252 580 1474 623 dimidiato
1505 585 1688 626 scabiem
1711 601 1792 627 ma-

117 658 296 713 lignam,
340 658 578 712 tineamque
620 657 758 698 calido
796 655 996 711 sanguine
1026 655 1258 697 confricant
1288 667 1411 712 atque
1440 657 1540 699 inde
1571 660 1790 701 sanitatem

115 744 352 789 expectant.
422 736 591 774 Nomen
621 749 644 773 a
671 732 935 789 percussione
981 731 1137 772 arboris
1174 731 1418 772 indiderunt
1446 733 1598 783 iidem;
1643 747 1683 776 at
1713 751 1793 776 me-

114 808 331 864 taphorice
360 808 474 849 idem
503 808 631 849 etiam
668 807 887 865 praefectis
918 807 1080 848 tossicis
1109 818 1151 847 et
1180 821 1274 846 suae
1305 809 1461 862 gentis,
1495 812 1665 851 verbera
1692 826 1794 852 sem-

113 898 187 940 per
229 883 546 934 minitantibus,
595 883 804 940 applicare
847 883 995 923 solent.
1066 882 1324 924 Alliciuntur
1365 886 1513 935 facile,
1559 886 1594 927 si
1639 886 1795 927 arboris

113 969 305 1000 truncum
334 959 489 1001 bacillo
518 959 725 1016 percutias
754 959 835 1007 ita,
865 970 910 999 ut
937 957 1065 1007 ictus,
1093 974 1201 1014 quos
1230 971 1361 1001 rostro
1396 961 1569 1011 iterant,
1602 961 1794 1003 imiteris.

115 1033 241 1089 Capti
269 1034 451 1088 juniores
480 1029 614 1075 varios
645 1034 826 1075 ludicros
871 1049 1004 1075 mores
1045 1036 1286 1085 ostendunt,
1338 1050 1360 1076 e
1389 1038 1568 1092 pedibus
1611 1036 1797 1093 suspensi

115 1108 349 1158 dormiunt,
380 1112 573 1152 candelas
602 1121 733 1150 rostro
763 1110 1033 1165 extinguunt,
1071 1122 1176 1150 caet.
1247 1112 1379 1152 Nidus
1409 1112 1453 1152 in
1484 1112 1697 1154 arboribus
1727 1126 1796 1152 ex-

115 1183 291 1231 cavati83
335 1201 412 1226 ova
453 1185 497 1226 in
533 1186 643 1226 nuda
680 1186 803 1226 scobe
846 1197 1037 1241 septena,
1083 1185 1316 1235 albissima,
1358 1190 1544 1243 pondere
1589 1189 1799 1245 scrupulo-

115 1273 207 1300 rum
234 1271 422 1314 quatuor.

250 1336 422 1377 Descr.
480 1336 562 1379 Hic
592 1340 689 1379 vere
727 1348 770 1379 et
812 1348 1051 1379 constanter
1092 1337 1298 1379 maximus
1340 1339 1450 1380 inter
1490 1339 1610 1382 Picos
1649 1341 1799 1393 varios,

116 1408 218 1450 licet
248 1411 436 1466 plerique
476 1412 769 1468 Ornithologi‚
814 1412 887 1469 qui
929 1424 1011 1452 tres
1052 1425 1214 1453 tantum
1258 1413 1377 1454 Picos
1423 1415 1559 1457 varios
1602 1428 1800 1468 statuunt,

117 1498 361 1540 sequentem
392 1503 466 1542 pro
495 1492 649 1542 majore
680 1500 858 1544 ponant,
900 1488 973 1542 qui
1002 1489 1288 1542 magnitudine
1332 1491 1452 1531 nobis
1492 1494 1694 1533 secundus
1723 1505 1800 1536 est.

115 1561 278 1602 Pondus
306 1561 406 1603 huic
435 1579 457 1602 a
487 1570 527 1610 35,-
558 1564 609 1603 ad
640 1572 678 1613 4.
708 1564 944 1611 unciarum;
989 1564 1060 1603 sed
1090 1565 1143 1604 ob
1172 1565 1335 1620 plumos
1379 1566 1606 1607 strictiores
1637 1578 1679 1607 et
1708 1583 1797 1623 par-

115 1636 248 1676 ciores
279 1637 391 1678 haud
422 1639 554 1679 multo
576 1642 706 1693 major
730 1650 931 1694 sequente
957 1651 1141 1695 apparet.
1199 1642 1331 1681 Moles
1351 1641 1553 1683 Turturis.
1611 1644 1801 1684 Rostrum

117 1713 281 1752 robuste
314 1713 590 1761 hexaedrum,
631 1725 872 1762 cuneatum,
915 1714 1078 1769 longius
1119 1730 1243 1770 quam
1279 1716 1323 1756 in
1353 1728 1566 1772 sequente.
1639 1720 1800 1773 Lingua

115 1788 248 1828 multo
279 1789 467 1838 brevior,
500 1805 625 1844 quam
654 1790 698 1829 in
727 1792 771 1830 P.
803 1789 944 1830 vlridi.
1003 1792 1128 1832 Frons
1157 1806 1304 1846 gryseo
1323 1818 1335 1823 -
1353 1793 1468 1840 alba,
1504 1793 1577 1832 sed
1606 1794 1800 1834 mbrz’ssae

116 1877 237 1918 supra
265 1879 381 1904 nares
412 1865 580 1906 sordide
611 1880 758 1914 canae,
802 1864 899 1905 setis
929 1864 1059 1920 nigris
1090 1866 1260 1908 mixtae.
1320 1870 1471 1910 Vertex
1500 1880 1610 1909 totus
1641 1869 1800 1924 plumu-

117 1937 170 1978 lis
199 1939 577 1993 plumbeo-fuscis,
609 1939 876 1980 extremitate
900 1940 1422 1984 cinnabareo-ruberrimis
1445 1954 1626 1999 opertus.
1670 1945 1801 1984 Areae

118 2012 313 2068 utrinque
355 2015 484 2056 latera
527 2014 677 2070 capitis
719 2026 988 2069 occupantes,
1032 2016 1215 2072 collique
1259 2019 1389 2059 latera
1431 2018 1537 2057 alba.
1610 2019 1802 2059 Fasciola

120 2089 237 2140 (albo
266 2104 387 2144 saepe
418 2091 551 2145 varia)
582 2090 700 2145 nigra
729 2106 752 2129 a
780 2090 921 2129 fraeno
950 2089 1054 2137 oris,
1084 2093 1158 2131 sub
1187 2093 1318 2133 oculis
1350 2095 1402 2133 ad
1432 2107 1570 2140 aures,
1615 2092 1801 2148 indeque

118 2178 194 2220 per
223 2164 352 2204 latera
381 2164 481 2204 colli
511 2167 692 2206 flexuose
723 2165 994 2205 descendens.
1067 2167 1216 2208 Cervix
1258 2182 1351 2207 cum
1390 2168 1515 2209 initio
1545 2167 1676 2218 dorsi,
1721 2168 1801 2208 ala-

121 2254 294 2294 rumque
326 2241 441 2280 bases
470 2239 715 2295 nigerrima;
760 2240 927 2280 dorsum
968 2240 1078 2282 inter
1107 2242 1190 2283 alas
1229 2243 1324 2284 albo
1356 2243 1626 2298 variegatum.
1695 2245 1801 2285 Alae

123 2315 262 2355 fasciis
292 2316 533 2356 transversis
564 2316 691 2366 albis,
735 2316 786 2355 ad
830 2330 972 2372 scapos
1013 2315 1274 2374 interruptis,
1319 2331 1551 2361 extrorsum
1582 2319 1712 2374 magis
1741 2320 1801 2360 di-

129 2391 344 2431 stantibus.
407 2393 666 2447 Uropygz'um
695 2392 849 2433 album.
918 2392 1065 2434 Subtus
1106 2393 1238 2445 albet,
1281 2395 1414 2452 scapis
1453 2395 1582 2451 nigris
1623 2396 1798 2441 striatus,

1410 2475 1434 2498 t
