2196 2927
1176 200 1322 213 —

1179 215 1321 222 -—-—-›-——-

408 210 494 248 374

402 308 584 363 ploratus
615 304 666 343 ad
703 316 792 353 1073
822 300 934 356 gra'd.
1001 299 1224 339 Farenheit.
1255 296 1459 352 apparuit.
1515 296 1772 337 Gmelinus
1800 312 1879 339 sen.
1903 299 1947 339 in
1976 301 2076 340 urbe

400 378 678 422 Ncrtscliinsk
709 377 918 432 quondam
946 373 1153 429 juniorem
1183 372 1326 412 vivum
1357 383 1519 420 metm,
1565 371 1635 426 qui
1678 383 1817 412 nostro
1856 374 2076 428 specimini

400 455 625 495 maximam
655 464 815 508 partem
845 447 994 490 similis
1023 460 1129 498 erat,
1171 447 1386 488 adnotavit
1416 463 1507 488 eam
1539 458 1727 502 tempore
1760 448 1904 501 jejunii
1934 452 2077 490 Rosso-

399 546 488 570 rum
520 529 616 569 solis
648 528 804 568 ossibus
837 526 1099 573 animalium,
1131 539 1237 579 quae
1265 523 1448 578 integra,
1488 537 1608 578 saepe
1640 521 1910 577 spithamalia
1940 524 2077 578 deglu—

398 606 546 654 tiebat,
589 603 762 652 vixisse,
803 604 911 642 unde
943 611 1211 640 excrementa
1241 599 1317 639 illo
1346 610 1534 654 tempore
1566 608 1682 648 erant
1712 596 1943 645 albissima,
1985 613 2079 639 con-

396 678 583 720 sistentia
614 689 772 725 cretae,
819 681 932 730 cujus
963 676 1089 715 etiam
1122 675 1216 715 loco
1248 690 1269 713 a
1309 673 1532 714 sartoribus
1573 672 1871 720 adhibebatur,
1914 674 2078 714 defectu

397 771 517 797 verae
548 766 705 803 cretae,
747 768 850 807 quae
880 767 954 807 per
985 764 1152 790 omnem
1183 749 1378 789 Sibiriam
1408 749 1453 788 in
1482 748 1693 788 montibus
1725 749 1854 788 deest.

532 832 700 870 Descr.
758 828 919 868 Pondus
950 825 1101 879 viginti
1129 824 1348 872 librarum,
1381 825 1567 878 adeoque
1598 824 1770 878 duplum
1801 823 2077 865 maximarum

394 905 655 960 Aquilai-um.
714 905 903 943 Rostrum
932 900 1074 940 cornei
1105 898 1277 945 coloris,
1306 910 1484 946 rectum;
1529 898 1701 938 maxilla
1731 899 1916 954 superior
1945 911 2076 939 extre-

396 997 463 1022 mo
495 982 675 1026 adunca,
716 978 908 1032 utrinque
949 976 1063 1015 sulco
1103 974 1292 1014 exsoleto
1321 990 1343 1013 a
1372 974 1538 1014 naribus
1577 985 1823 1014 excurrente
1855 985 1897 1013 et
1924 990 2077 1014 uncum

395 1067 658 1103 secernente,
699 1053 874 1094 inferior
905 1052 1069 1099 obtusa,
1110 1050 1284 1104 integra.
1350 1051 1492 1090 Rictus
1522 1048 1820 1104 amplissimus3
1864 1064 1908 1089 os
1938 1064 2077 1089 coeru-

394 1133 576 1171 lescente
599 1128 826 1175 -lividum3
869 1131 1052 1181 palatum
1088 1124 1395 1174 tricarinatum,
1439 1123 1691 1165 intermedia
1728 1124 1979 1165 obsoletiore
2010 1141 2075 1165 an-

394 1207 476 1246 tice
506 1207 653 1245 tubere
684 1203 925 1249 terminata3
956 1205 1098 1255 lingua
1128 1211 1317 1255 angusta,
1351 1200 1538 1249 linearis,
1570 1199 1866 1249 canaliculata,
1915 1202 2073 1240 obtusa.

394 1282 522 1320 Nares
551 1291 686 1319 tectae
717 1276 901 1318 vibrissis
932 1275 1111 1330 copiosis
1149 1274 1268 1315 rostri
1298 1274 1414 1314 basin
1450 1274 1634 1328 undique
1673 1285 1783 1314 arcte
1820 1276 2074 1329 tegentibus,

395 1368 550 1411 perque
580 1354 710 1393 latera
739 1354 930 1392 deorsum
959 1349 1195 1405 prostratis;
1239 1360 1349 1389 setae
1390 1349 1539 1389 itidem
1577 1361 1805 1404 prostratae
1843 1350 1959 1390 basin
1991 1366 2073 1391 ma-

395 1430 524 1470 xillae
554 1427 762 1468 inferioris
792 1436 950 1479 tegunt.
1008 1426 1196 1464 Aruncus
1231 1435 1387 1464 setosus
1424 1423 1801 1479 subbi-pollicaris
1844 1427 1923 1478 (Ν.
1962 1426 2073 1478 ιο”’.)

394 1520 416 1545 e
447 1504 538 1544 sinu
567 1502 785 1551 maxillae,
819 1502 1011 1540 deorsum
1042 1510 1083 1539 et
1114 1510 1344 1539 antrorsum
1374 1514 1560 1554 vergens.
1619 1501 1754 1554 Caput
1783 1500 2075 1554 lanuginosum

394 1581 553 1625 album,
586 1580 823 1632 adspersum
852 1574 1051 1631 plumulis
1082 1574 1227 1615 setosis
1258 1574 1354 1615 atris
1384 1574 1428 1614 in
1457 1576 1591 1615 fronte
1622 1586 1664 1614 et
1693 1577 1766 1615 sub
1790 1575 1920 1616 oculis
1946 1574 2075 1615 utrin-

393 1670 495 1710 que,
540 1668 679 1694 versus
709 1663 897 1692 rostrum.
970 1652 1080 1690 Ανεα
1110 1664 1277 1704 magna,
1308 1650 1471 1697 lunata,
1515 1650 1794 1706 supraciliaris
1824 1662 1930 1697 atra,
1972 1649 2071 1705 pilis

394 1728 668 1770 tenerioribus
683 1726 851 1775 vestita,
883 1726 992 1765 unde
1008 1726 1207 1780 producta
1230 1723 1341 1764 linea
1365 1725 1481 1779 nigra
1505 1725 1703 1764 verticem
1730 1725 1874 1779 cingit.
1918 1726 2071 1764 Areola

395 1804 529 1858 pilosa
571 1814 656 1842 atra
695 1803 746 1840 ad
789 1815 916 1840 aures.
993 1800 1214 1839 Oculorum
1255 1799 1479 1853 palpebrae
1523 1799 1710 1852 margine
1754 1799 2069 1839 livido-coeru-

395 1878 617 1925 lescentes,
662 1874 835 1916 inferior
863 1875 992 1920 nuda,
1035 1872 1231 1927 plumulis
1261 1872 1473 1913 ciliaribus
1514 1872 1749 1912 rariusculis
1781 1873 1892 1913 atris.
1963 1875 2070 1915 Peri-

396 1954 690 2007 ophthalmium
719 1947 1139 2003 albido,-hyalinum.
1197 1949 1324 1987 Irides
1352 1948 1535 1996 lacteae;
1580 1949 1652 1987 sed
1683 1963 1833 1987 cornea
1863 1947 1972 1988 circa
2003 1948 2072 1988 iri-

397 2029 469 2068 des
499 2027 582 2066 late
613 2024 901 2074 cinnabarina,
939 2023 1077 2063 colore
1107 2033 1338 2062 extrorsum
1367 2023 1606 2063 intensiore.
1665 2024 1812 2063 Cervix
1842 2034 1884 2063 et
1914 2024 2073 2065 collum-

396 2113 528 2142 totum
555 2101 710 2157 plumis
740 2100 892 2147 acutis,
930 2097 1140 2146 candidi8‚
1181 2097 1316 2137 laxius
1344 2098 1514 2147 vestita;
1541 2103 1644 2153 gula
1673 2100 1853 2139 sordida.
1913 2100 2069 2153 Corpus

395 2180 539 2218 subtus
564 2188 698 2217 totum
725 2176 914 2222 niveum3
959 2174 1143 2218 maculae
1173 2172 1315 2228 nigrae
1345 2173 1389 2214 in
1419 2175 1559 2230 jugulo
1590 2190 1764 2230 sparsae.
1837 2175 2065 2215 Subcauda-

397 2253 456 2293 les
485 2252 602 2308 apice
625 2253 739 2292 fusco
762 2251 1006 2292 maculatae.
1063 2251 1240 2290 Dorsum
1261 2248 1371 2295 inter
1393 2250 1495 2299 alas,
1528 2251 1769 2307 brachiaque
1798 2265 1917 2305 supra
1944 2248 2070 2288 infra·
2091 2305 2092 2308 Ἰ

400 2342 478 2381 que
508 2327 660 2382 plumis
690 2327 807 2377 atris,
851 2327 967 2368 disco
998 2340 1135 2366 versus
1164 2324 1282 2365 basin
1312 2325 1645 2376 canescentibus,
1683 2326 1727 2366 in
1766 2325 1883 2380 apice
1912 2319 2064 2362 notatis

399 2402 549 2456 angulo
578 2404 854 2443 adscendente
884 2403 992 2445 albo.
1053 2403 1312 2457 Uropygium
1340 2416 1434 2447 cum
1464 2400 1703 2441 tectricibus
1733 2401 1885 2440 caudae
1915 2407 2059 2437 atrum.
