2196 2927
876 197 1020 221 Ω
1692 197 1774 238 441

114 312 156 342 at
183 298 384 355 primores
414 296 596 339 exterius
638 313 778 339 versus
821 298 983 354 apicem
1024 296 1366 337 coerulescentes.
1435 297 1580 338 cauda
1608 296 1778 347 viridis,

112 375 356 416 rectricibus
386 376 542 415 duabus
573 374 722 414 mediis
753 374 880 429 duplo
910 371 1190 427 longioribus,
1221 372 1485 421 acuminatis,
1525 388 1696 429 quarum
1725 373 1780 413 al-

112 462 201 491 tera
229 451 474 492 incumbens
504 449 674 505 reliquis
705 448 963 490 coerulescit.

476 654 1413 710 XV.CORACIAS.

244 761 381 800 Genus
413 757 577 813 Meropi
612 758 804 813 proxime
848 761 968 799 affine
1010 759 1170 807 volatu,
1216 757 1337 804 nido,
1382 755 1578 809 victuque
1608 766 1649 795 et
1678 770 1781 796 voce

112 834 339 890 frequenti,
381 845 426 873 ut
468 845 507 873 et
550 833 864 888 pulchritudine
907 835 1093 875 colorum
1123 845 1164 873 et
1194 835 1424 888 plumarum
1455 842 1612 871 natura.
1682 830 1781 871 Uni-

108 926 200 951 cam
226 909 376 949 itidem
399 909 441 949 in
468 909 703 949 borealibus
719 910 921 966 speciem,
953 909 1069 964 quasi
1091 910 1341 964 transfugam
1371 906 1576 962 agnoscit,
1609 920 1782 960 eamque

108 984 410 1038 migratoriam3
455 986 553 1024 dum
594 985 817 1040 pleraeque
860 1000 1112 1040 congeneres
1152 983 1260 1023 intra
1303 983 1503 1040 Tropicos
1546 981 1590 1022 in
1621 980 1781 1037 antiqui

107 1060 218 1101 orbis
247 1071 289 1100 et
318 1060 544 1101 insularum
572 1060 709 1101 Indici
738 1061 898 1102 Oceani
926 1061 1073 1101 calidis
1105 1071 1327 1100 versantur.

458 1175 540 1216 83.
633 1171 671 1216 C
701 1174 741 1215 O
770 1174 808 1215 R
839 1174 878 1215 A
908 1171 947 1216 C
978 1174 993 1214 l
1024 1175 1060 1214 A
1093 1174 1118 1214 S
1192 1173 1432 1226 garrula.

243 1263 290 1304 C.
323 1277 482 1318 cyaneo
512 1263 669 1310 virens,
701 1265 821 1304 dorso
851 1265 963 1310 rufo,
992 1263 1217 1317 remigffius
1246 1262 1464 1302 coeruleo—
1482 1261 1593 1303 atris.

324 1338 518 1378 Garrulus
549 1338 893 1393 argentoratensis
925 1342 1200 1391 (Auctorum.)
1219 1338 1431 1378 Edwards.
1458 1353 1521 1377 αυ.
1545 1338 1619 1377 ΠΙ.
1641 1346 1668 1376 t.
1695 1352 1780 1389 109.

379 1415 531 1453 Frisch.
564 1430 626 1454 αυ.
658 1415 740 1453 tab.
774 1421 837 1466 57.
868 1416 1044 1454 Braesson.
1075 1430 1173 1454 orn..
1203 1416 1257 1453 ΙΙ.
1289 1430 1327 1469 p.
1359 1419 1423 1462 64.

325 1488 518 1529 Coracias
550 1489 709 1543 garrula
738 1490 825 1528 Lm.
856 1499 959 1541 syst.
988 1490 1082 1528 XII.
1113 1491 1145 1528 I.
1186 1505 1224 1543 p.
1262 1495 1346 1539 159.
1376 1503 1437 1542 sp.
1472 1506 1505 1530 1.-

215 1563 387 1603 Rossice
417 1565 724 1610 Sinoworonka‚
760 1565 810 1603 ad
842 1566 1050 1603 samaram
1079 1564 1305 1617 Siwograe‘zk,
1337 1562 1583 1617 quibusdam
1612 1578 1633 1601 a
1662 1577 1784 1603 rauca

269 1653 372 1678 voce
402 1639 711 1695 Praportschz'k,
747 1655 776 1678 s.
809 1638 1073 1678 subcenturio
1103 1637 1270 1678 dicitur.
1328 1637 1564 1677 Malorossis
1594 1648 1637 1677 et
1665 1637 1782 1677 Polo-

268 1713 333 1753 nis
375 1715 534 1753 Kraslta
580 1725 621 1753 et
662 1716 848 1754 Rcclzscha
885 1725 925 1753 et
954 1715 1132 1754 Siworzzk
1170 1725 1211 1752 et
1251 1715 1594 1753 Krassiworonka.
1663 1716 1782 1751 Tata-

270 1787 325 1827 ris
375 1792 522 1828 Kasan.
602 1790 909 1843 Kyli-Kargh5
962 1788 1136 1844 Kirgisis
1177 1790 1479 1843 Kyrmyschak.
1550 1785 1783 1833 Calmuccis

269 1865 301 1903 C
306 1865 598 1917 har-yraetschi.

254 1961 302 1998 In
333 1959 576 1999 australibus
620 1961 816 2010 Rossiae,
861 1960 990 2000 etiam
1029 1960 1326 2016 campestribus
1369 1958 1479 1999 circa
1518 1959 1696 2012 Volgam
1739 1969 1780 1998 et

113 2033 378 2088 Rhymnum,
422 2037 548 2088 inque
588 2035 745 2074 taurica
789 2034 1047 2076 Chersoneso
1089 2037 1293 2090 frequens.
1365 2032 1551 2073 Advenit
1580 2033 1708 2072 etiam
1734 2033 1779 2073 in

114 2108 309 2148 Sibiriam
339 2108 598 2158 citeriorem,
630 2110 870 2164 praesertim
900 2113 944 2149 in
974 2110 1127 2164 pinetis
1157 2110 1266 2150 circa
1295 2109 1419 2156 Irtin,
1449 2109 1696 2163 alta'l'casque
1726 2109 1780 2148 al-

108 2199 179 2239 pes
226 2194 425 2223 aestatem
468 2183 694 2238 transigens
725 2196 765 2224 et
795 2185 955 2240 prolem
985 2186 1181 2235 educans,
1228 2200 1369 2225 verum
1398 2196 1593 2225 autumno
1622 2196 1778 2225 mature

112 2270 293 2299 austrum
321 2273 459 2299 versus
489 2259 647 2306 avolat,
676 2261 810 2308 tarde,
851 2275 945 2300 curn
975 2264 1147 2315 Merope
1178 2262 1281 2311 fere,
1325 2275 1465 2301 mense
1493 2260 1632 2316 Aprili
1661 2259 1779 2300 circi—

108 2345 172 2375 ter
201 2335 396 2374 reditura.
469 2338 515 2374 In
556 2335 753 2376 ulteriore
791 2334 943 2375 Sibiria
970 2352 1178 2392 nunquam
1208 2339 1436 2379 observata.
1505 2341 1552 2376 In
1582 2335 1708 2391 sylvis
1738 2347 1780 2375 et

115 2409 341 2451 nemorosis
372 2413 523 2451 Erucas
554 2421 707 2451 setosas
738 2410 908 2460 minuit,
949 2424 991 2453 et
1019 2412 1063 2453 in
1093 2413 1313 2454 Germania
1341 2413 1584 2469 praesertim
1614 2411 1779 2453 nocivas

1296 2496 1345 2531 56
