<?xml version="1.0" encoding="UTF-8"?>
<!DOCTYPE html PUBLIC "-//W3C//DTD XHTML 1.0 Transitional//EN"
    "http://www.w3.org/TR/xhtml1/DTD/xhtml1-transitional.dtd">
<html xmlns="http://www.w3.org/1999/xhtml" xml:lang="en" lang="en">
 <head>
  <title>
</title>
<meta http-equiv="Content-Type" content="text/html;charset=utf-8" />
  <meta name='ocr-system' content='tesseract 3.04.00' />
  <meta name='ocr-capabilities' content='ocr_page ocr_carea ocr_par ocr_line ocrx_word'/>
</head>
<body>
  <div class='ocr_page' id='page_1' title='image "./zoographiarossoa11831pall_0089.png"; bbox 0 0 2196 2927; ppageno 0'>
   <div class='ocr_carea' id='block_1_1' title="bbox 132 310 1813 2383">
    <p class='ocr_par' dir='ltr' id='par_1_1' title="bbox 132 310 1813 2383">
     <span class='ocr_line' id='line_1_1' title="bbox 132 310 1798 365; baseline -0.002 -11"><span class='ocrx_word' id='word_1_1' title='bbox 132 315 395 363; x_wconf 64' lang='lat' dir='ltr'>(scandatum,</span> <span class='ocrx_word' id='word_1_2' title='bbox 429 326 520 355; x_wconf 87' lang='lat' dir='ltr'>cute</span> <span class='ocrx_word' id='word_1_3' title='bbox 552 315 643 355; x_wconf 86' lang='lat' dir='ltr'>alba</span> <span class='ocrx_word' id='word_1_4' title='bbox 674 315 741 354; x_wconf 82' lang='lat' dir='ltr'>vel</span> <span class='ocrx_word' id='word_1_5' title='bbox 770 314 900 360; x_wconf 78' lang='lat' dir='ltr'>fusca,</span> <span class='ocrx_word' id='word_1_6' title='bbox 932 312 1116 365; x_wconf 64' lang='lat' dir='ltr'>itemque</span> <span class='ocrx_word' id='word_1_7' title='bbox 1139 310 1386 364; x_wconf 51' lang='lat' dir='ltr'>hybridum,</span> <span class='ocrx_word' id='word_1_8' title='bbox 1420 312 1582 352; x_wconf 77' lang='lat' dir='ltr'>auribus</span> <span class='ocrx_word' id='word_1_9' title='bbox 1606 323 1645 350; x_wconf 83' lang='lat' dir='ltr'>et</span> <span class='ocrx_word' id='word_1_10' title='bbox 1670 312 1798 351; x_wconf 82' lang='lat' dir='ltr'>cauda</span> 
     </span>
     <span class='ocr_line' id='line_1_2' title="bbox 134 384 1799 444; baseline -0.002 -17"><span class='ocrx_word' id='word_1_11' title='bbox 134 388 299 434; x_wconf 80' lang='lat' dir='ltr'>villosa,</span> <span class='ocrx_word' id='word_1_12' title='bbox 330 395 500 444; x_wconf 77' lang='lat' dir='ltr'>corpore</span> <span class='ocrx_word' id='word_1_13' title='bbox 531 391 685 428; x_wconf 83' lang='lat' dir='ltr'>nudum</span> <span class='ocrx_word' id='word_1_14' title='bbox 715 387 851 438; x_wconf 73' lang='lat' dir='ltr'>vidi,)</span> <span class='ocrx_word' id='word_1_15' title='bbox 889 385 1041 441; x_wconf 79' lang='lat' dir='ltr'>passim</span> <span class='ocrx_word' id='word_1_16' title='bbox 1071 384 1331 424; x_wconf 72' lang='lat' dir='ltr'>introductae</span> <span class='ocrx_word' id='word_1_17' title='bbox 1362 399 1474 435; x_wconf 77' lang='lat' dir='ltr'>sunt,</span> <span class='ocrx_word' id='word_1_18' title='bbox 1520 398 1559 425; x_wconf 85' lang='lat' dir='ltr'>ct</span> <span class='ocrx_word' id='word_1_19' title='bbox 1591 401 1664 441; x_wconf 82' lang='lat' dir='ltr'>per</span> <span class='ocrx_word' id='word_1_20' title='bbox 1695 385 1799 424; x_wconf 71' lang='lat' dir='ltr'>Sibi-</span> 
     </span>
     <span class='ocr_line' id='line_1_3' title="bbox 133 459 1799 518; baseline -0.002 -16"><span class='ocrx_word' id='word_1_21' title='bbox 133 463 237 502; x_wconf 72' lang='lat' dir='ltr'>tiam</span> <span class='ocrx_word' id='word_1_22' title='bbox 267 479 429 518; x_wconf 76' lang='lat' dir='ltr'>quoquc</span> <span class='ocrx_word' id='word_1_23' title='bbox 460 462 778 517; x_wconf 61' lang='lat' dir='ltr'>multiplicatae,</span> <span class='ocrx_word' id='word_1_24' title='bbox 812 460 992 500; x_wconf 78' lang='lat' dir='ltr'>maxime</span> <span class='ocrx_word' id='word_1_25' title='bbox 1024 475 1071 499; x_wconf 86' lang='lat' dir='ltr'>ea</span> <span class='ocrx_word' id='word_1_26' title='bbox 1099 459 1335 508; x_wconf 81' lang='lat' dir='ltr'>occasione,</span> <span class='ocrx_word' id='word_1_27' title='bbox 1369 476 1493 514; x_wconf 86' lang='lat' dir='ltr'>quum</span> <span class='ocrx_word' id='word_1_28' title='bbox 1524 461 1626 500; x_wconf 85' lang='lat' dir='ltr'>olim</span> <span class='ocrx_word' id='word_1_29' title='bbox 1658 461 1799 500; x_wconf 81' lang='lat' dir='ltr'>Sinen-</span> 
     </span>
     <span class='ocr_line' id='line_1_4' title="bbox 135 534 1803 590; baseline -0.002 -14"><span class='ocrx_word' id='word_1_30' title='bbox 135 538 243 577; x_wconf 82' lang='lat' dir='ltr'>sibus</span> <span class='ocrx_word' id='word_1_31' title='bbox 275 553 368 578; x_wconf 82' lang='lat' dir='ltr'>caro</span> <span class='ocrx_word' id='word_1_32' title='bbox 398 536 629 576; x_wconf 77' lang='lat' dir='ltr'>ementibus</span> <span class='ocrx_word' id='word_1_33' title='bbox 664 536 809 576; x_wconf 87' lang='lat' dir='ltr'>selecti</span> <span class='ocrx_word' id='word_1_34' title='bbox 839 551 979 583; x_wconf 82' lang='lat' dir='ltr'>canes,</span> <span class='ocrx_word' id='word_1_35' title='bbox 1024 547 1221 590; x_wconf 75' lang='lat' dir='ltr'>tanquam</span> <span class='ocrx_word' id='word_1_36' title='bbox 1251 549 1366 574; x_wconf 80' lang='lat' dir='ltr'>merx</span> <span class='ocrx_word' id='word_1_37' title='bbox 1398 534 1618 574; x_wconf 80' lang='lat' dir='ltr'>Kiachtam</span> <span class='ocrx_word' id='word_1_38' title='bbox 1649 535 1803 575; x_wconf 71' lang='lat' dir='ltr'>deferri</span> 
     </span>
     <span class='ocr_line' id='line_1_5' title="bbox 134 608 1803 665; baseline -0.002 -13"><span class='ocrx_word' id='word_1_39' title='bbox 134 614 310 659; x_wconf 82' lang='lat' dir='ltr'>solebat,</span> <span class='ocrx_word' id='word_1_40' title='bbox 351 612 483 650; x_wconf 78' lang='lat' dir='ltr'>donec</span> <span class='ocrx_word' id='word_1_41' title='bbox 513 610 717 665; x_wconf 82' lang='lat' dir='ltr'>praetium</span> <span class='ocrx_word' id='word_1_42' title='bbox 746 610 978 665; x_wconf 80' lang='lat' dir='ltr'>frequentia</span> <span class='ocrx_word' id='word_1_43' title='bbox 1009 609 1278 649; x_wconf 70' lang='lat' dir='ltr'>vendentium</span> <span class='ocrx_word' id='word_1_44' title='bbox 1309 608 1508 648; x_wconf 80' lang='lat' dir='ltr'>docrevit.</span> <span class='ocrx_word' id='word_1_45' title='bbox 1527 637 1568 642; x_wconf 81' lang='grc'>-</span> <span class='ocrx_word' id='word_1_46' title='bbox 1599 610 1803 648; x_wconf 60' lang='lat' dir='ltr'>Aestimae</span> 
     </span>
     <span class='ocr_line' id='line_1_6' title="bbox 133 683 1804 740; baseline -0.002 -14"><span class='ocrx_word' id='word_1_47' title='bbox 133 687 290 726; x_wconf 80' lang='lat' dir='ltr'>tissima</span> <span class='ocrx_word' id='word_1_48' title='bbox 320 697 455 724; x_wconf 86' lang='lat' dir='ltr'>autem</span> <span class='ocrx_word' id='word_1_49' title='bbox 485 691 678 734; x_wconf 65' lang='lat' dir='ltr'>varietas,</span> <span class='ocrx_word' id='word_1_50' title='bbox 712 687 817 740; x_wconf 76' lang='lat' dir='ltr'>apud</span> <span class='ocrx_word' id='word_1_51' title='bbox 851 684 1092 726; x_wconf 71' lang='lat' dir='ltr'>Caucasicas</span> <span class='ocrx_word' id='word_1_52' title='bbox 1114 683 1357 739; x_wconf 72' lang='lat' dir='ltr'>praesertim</span> <span class='ocrx_word' id='word_1_53' title='bbox 1377 695 1520 737; x_wconf 73' lang='lat' dir='ltr'>gentes</span> <span class='ocrx_word' id='word_1_54' title='bbox 1543 683 1647 722; x_wconf 78' lang='lat' dir='ltr'>etin</span> <span class='ocrx_word' id='word_1_55' title='bbox 1678 683 1804 723; x_wconf 83' lang='lat' dir='ltr'>Chor-</span> 
     </span>
     <span class='ocr_line' id='line_1_7' title="bbox 132 757 1803 815; baseline -0.002 -15"><span class='ocrx_word' id='word_1_56' title='bbox 132 775 274 800; x_wconf 78' lang='lat' dir='ltr'>soneso</span> <span class='ocrx_word' id='word_1_57' title='bbox 302 760 458 800; x_wconf 74' lang='lat' dir='ltr'>taurica</span> <span class='ocrx_word' id='word_1_58' title='bbox 504 772 718 815; x_wconf 73' lang='lat' dir='ltr'>generata,</span> <span class='ocrx_word' id='word_1_59' title='bbox 763 765 873 800; x_wconf 70' lang='lat' dir='ltr'>canis</span> <span class='ocrx_word' id='word_1_60' title='bbox 913 761 1047 815; x_wconf 68' lang='lat' dir='ltr'>Graji,</span> <span class='ocrx_word' id='word_1_61' title='bbox 1077 774 1180 814; x_wconf 76' lang='lat' dir='ltr'>quae</span> <span class='ocrx_word' id='word_1_62' title='bbox 1212 759 1382 813; x_wconf 78' lang='lat' dir='ltr'>quidem</span> <span class='ocrx_word' id='word_1_63' title='bbox 1411 757 1455 797; x_wconf 88' lang='lat' dir='ltr'>in</span> <span class='ocrx_word' id='word_1_64' title='bbox 1488 758 1670 798; x_wconf 81' lang='lat' dir='ltr'>Caucaso</span> <span class='ocrx_word' id='word_1_65' title='bbox 1701 773 1803 796; x_wconf 83' lang='lat' dir='ltr'>sum-</span> 
     </span>
     <span class='ocr_line' id='line_1_8' title="bbox 133 831 1805 890; baseline -0.002 -16"><span class='ocrx_word' id='word_1_66' title='bbox 133 850 223 874; x_wconf 86' lang='lat' dir='ltr'>mae</span> <span class='ocrx_word' id='word_1_67' title='bbox 253 835 512 890; x_wconf 77' lang='lat' dir='ltr'>proceritatis</span> <span class='ocrx_word' id='word_1_68' title='bbox 542 847 582 874; x_wconf 91' lang='lat' dir='ltr'>et</span> <span class='ocrx_word' id='word_1_69' title='bbox 613 835 792 884; x_wconf 79' lang='lat' dir='ltr'>roboris,</span> <span class='ocrx_word' id='word_1_70' title='bbox 825 836 876 874; x_wconf 84' lang='lat' dir='ltr'>ad</span> <span class='ocrx_word' id='word_1_71' title='bbox 906 849 1121 874; x_wconf 59' lang='lat' dir='ltr'>cervorum</span> <span class='ocrx_word' id='word_1_72' title='bbox 1152 833 1436 881; x_wconf 81' lang='lat' dir='ltr'>venationem,</span> <span class='ocrx_word' id='word_1_73' title='bbox 1475 831 1660 886; x_wconf 76' lang='lat' dir='ltr'>itemque</span> <span class='ocrx_word' id='word_1_74' title='bbox 1691 833 1805 886; x_wconf 80' lang='lat' dir='ltr'>lupo-</span> 
     </span>
     <span class='ocr_line' id='line_1_9' title="bbox 133 906 1806 965; baseline -0.002 -16"><span class='ocrx_word' id='word_1_75' title='bbox 133 925 242 958; x_wconf 84' lang='lat' dir='ltr'>rum,</span> <span class='ocrx_word' id='word_1_76' title='bbox 287 909 331 948; x_wconf 89' lang='lat' dir='ltr'>in</span> <span class='ocrx_word' id='word_1_77' title='bbox 361 909 511 948; x_wconf 51' lang='lat' dir='ltr'>Tauria</span> <span class='ocrx_word' id='word_1_78' title='bbox 541 910 784 965; x_wconf 75' lang='lat' dir='ltr'>pracsertim</span> <span class='ocrx_word' id='word_1_79' title='bbox 813 908 1061 964; x_wconf 65' lang='lat' dir='ltr'>pernicitate</span> <span class='ocrx_word' id='word_1_80' title='bbox 1093 920 1134 947; x_wconf 87' lang='lat' dir='ltr'>et</span> <span class='ocrx_word' id='word_1_81' title='bbox 1177 908 1422 962; x_wconf 60' lang='lat' dir='ltr'>gracilcn‘tia</span> <span class='ocrx_word' id='word_1_82' title='bbox 1467 906 1620 947; x_wconf 62' lang='lat' dir='ltr'>nobilss</span> <span class='ocrx_word' id='word_1_83' title='bbox 1663 917 1725 945; x_wconf 79' lang='lat' dir='ltr'>cst</span> <span class='ocrx_word' id='word_1_84' title='bbox 1766 917 1806 945; x_wconf 89' lang='lat' dir='ltr'>et</span> 
     </span>
     <span class='ocr_line' id='line_1_10' title="bbox 133 981 1807 1040; baseline -0.002 -17"><span class='ocrx_word' id='word_1_85' title='bbox 133 984 347 1039; x_wconf 83' lang='lat' dir='ltr'>capiendis</span> <span class='ocrx_word' id='word_1_86' title='bbox 395 984 606 1038; x_wconf 80' lang='lat' dir='ltr'>leporibus</span> <span class='ocrx_word' id='word_1_87' title='bbox 645 984 868 1040; x_wconf 75' lang='lat' dir='ltr'>aptissima.</span> <span class='ocrx_word' id='word_1_88' title='bbox 939 986 1116 1024; x_wconf 67' lang='lat' dir='ltr'>Maximi</span> <span class='ocrx_word' id='word_1_89' title='bbox 1157 994 1297 1023; x_wconf 43' lang='lat' dir='ltr'>tannen</span> <span class='ocrx_word' id='word_1_90' title='bbox 1341 983 1533 1023; x_wconf 74' lang='lat' dir='ltr'>dicuntur</span> <span class='ocrx_word' id='word_1_91' title='bbox 1575 982 1618 1021; x_wconf 83' lang='lat' dir='ltr'>in</span> <span class='ocrx_word' id='word_1_92' title='bbox 1662 981 1807 1021; x_wconf 80' lang='lat' dir='ltr'>Rossia</span> 
     </span>
     <span class='ocr_line' id='line_1_11' title="bbox 133 1057 1808 1114; baseline -0.002 -16"><span class='ocrx_word' id='word_1_93' title='bbox 133 1058 358 1113; x_wconf 85' lang='lat' dir='ltr'>procreati,</span> <span class='ocrx_word' id='word_1_94' title='bbox 405 1069 447 1097; x_wconf 86' lang='lat' dir='ltr'>et</span> <span class='ocrx_word' id='word_1_95' title='bbox 489 1059 688 1098; x_wconf 86' lang='lat' dir='ltr'>celebrati</span> <span class='ocrx_word' id='word_1_96' title='bbox 731 1059 937 1114; x_wconf 76' lang='lat' dir='ltr'>imprimis</span> <span class='ocrx_word' id='word_1_97' title='bbox 972 1061 1296 1099; x_wconf 65' lang='lat' dir='ltr'>Jaroslavienses.</span> <span class='ocrx_word' id='word_1_98' title='bbox 1369 1059 1589 1098; x_wconf 65' lang='lat' dir='ltr'>Caeterum</span> <span class='ocrx_word' id='word_1_99' title='bbox 1620 1057 1808 1109; x_wconf 71' lang='lat' dir='ltr'>vulgares</span> 
     </span>
     <span class='ocr_line' id='line_1_12' title="bbox 134 1130 1806 1187; baseline -0.003 -14"><span class='ocrx_word' id='word_1_100' title='bbox 134 1148 254 1173; x_wconf 81' lang='lat' dir='ltr'>canes</span> <span class='ocrx_word' id='word_1_101' title='bbox 298 1132 490 1181; x_wconf 81' lang='lat' dir='ltr'>rusticos,</span> <span class='ocrx_word' id='word_1_102' title='bbox 536 1133 780 1187; x_wconf 83' lang='lat' dir='ltr'>praesertim</span> <span class='ocrx_word' id='word_1_103' title='bbox 822 1133 1039 1182; x_wconf 79' lang='lat' dir='ltr'>Sibiricos,</span> <span class='ocrx_word' id='word_1_104' title='bbox 1080 1134 1130 1172; x_wconf 77' lang='lat' dir='ltr'>ad</span> <span class='ocrx_word' id='word_1_105' title='bbox 1174 1132 1349 1187; x_wconf 72' lang='lat' dir='ltr'>quoduis</span> <span class='ocrx_word' id='word_1_106' title='bbox 1392 1130 1625 1172; x_wconf 78' lang='lat' dir='ltr'>venationis</span> <span class='ocrx_word' id='word_1_107' title='bbox 1667 1145 1806 1184; x_wconf 75' lang='lat' dir='ltr'>genus,</span> 
     </span>
     <span class='ocr_line' id='line_1_13' title="bbox 136 1206 1807 1262; baseline -0.002 -16"><span class='ocrx_word' id='word_1_108' title='bbox 136 1208 247 1262; x_wconf 81' lang='lat' dir='ltr'>quod</span> <span class='ocrx_word' id='word_1_109' title='bbox 276 1222 358 1246; x_wconf 89' lang='lat' dir='ltr'>non</span> <span class='ocrx_word' id='word_1_110' title='bbox 390 1222 591 1246; x_wconf 85' lang='lat' dir='ltr'>summam</span> <span class='ocrx_word' id='word_1_111' title='bbox 621 1207 888 1247; x_wconf 82' lang='lat' dir='ltr'>velocitatem</span> <span class='ocrx_word' id='word_1_112' title='bbox 919 1207 1115 1262; x_wconf 73' lang='lat' dir='ltr'>requirit,</span> <span class='ocrx_word' id='word_1_113' title='bbox 1159 1206 1323 1246; x_wconf 81' lang='lat' dir='ltr'>institui</span> <span class='ocrx_word' id='word_1_114' title='bbox 1365 1222 1484 1261; x_wconf 86' lang='lat' dir='ltr'>posse</span> <span class='ocrx_word' id='word_1_115' title='bbox 1530 1216 1689 1246; x_wconf 80' lang='lat' dir='ltr'>certum</span> <span class='ocrx_word' id='word_1_116' title='bbox 1733 1215 1807 1244; x_wconf 90' lang='lat' dir='ltr'>est.</span> 
     </span>
     <span class='ocr_line' id='line_1_14' title="bbox 134 1268 1811 1336; baseline -0.002 -16"><span class='ocrx_word' id='word_1_117' title='bbox 134 1284 237 1321; x_wconf 84' lang='lat' dir='ltr'>Sunt</span> <span class='ocrx_word' id='word_1_118' title='bbox 264 1281 389 1329; x_wconf 85' lang='lat' dir='ltr'>enim,</span> <span class='ocrx_word' id='word_1_119' title='bbox 421 1296 522 1335; x_wconf 89' lang='lat' dir='ltr'>quos</span> <span class='ocrx_word' id='word_1_120' title='bbox 539 1283 591 1320; x_wconf 89' lang='lat' dir='ltr'>ad</span> <span class='ocrx_word' id='word_1_121' title='bbox 621 1294 733 1321; x_wconf 87' lang='lat' dir='ltr'>ursos</span> <span class='ocrx_word' id='word_1_122' title='bbox 763 1281 1075 1336; x_wconf 73' lang='lat' dir='ltr'>investigandos</span> <span class='ocrx_word' id='word_1_123' title='bbox 1106 1268 1437 1320; x_wconf 55' lang='lat' dir='ltr'>et‘lacessendos</span> <span class='ocrx_word' id='word_1_124' title='bbox 1460 1280 1685 1328; x_wconf 87' lang='lat' dir='ltr'>instruunt,</span> <span class='ocrx_word' id='word_1_125' title='bbox 1718 1289 1811 1318; x_wconf 82' lang='lat' dir='ltr'>sunt</span> 
     </span>
     <span class='ocr_line' id='line_1_15' title="bbox 137 1353 1809 1411; baseline -0.003 -15"><span class='ocrx_word' id='word_1_126' title='bbox 137 1358 187 1396; x_wconf 86' lang='lat' dir='ltr'>ad</span> <span class='ocrx_word' id='word_1_127' title='bbox 217 1357 342 1396; x_wconf 80' lang='lat' dir='ltr'><strong>Alces</strong></span> <span class='ocrx_word' id='word_1_128' title='bbox 386 1357 638 1396; x_wconf 84' lang='lat' dir='ltr'>assultandas</span> <span class='ocrx_word' id='word_1_129' title='bbox 681 1356 814 1404; x_wconf 85' lang='lat' dir='ltr'>docti,</span> <span class='ocrx_word' id='word_1_130' title='bbox 860 1356 1041 1411; x_wconf 70' lang='lat' dir='ltr'>denique</span> <span class='ocrx_word' id='word_1_131' title='bbox 1085 1357 1136 1395; x_wconf 87' lang='lat' dir='ltr'>ad</span> <span class='ocrx_word' id='word_1_132' title='bbox 1180 1355 1407 1396; x_wconf 79' lang='lat' dir='ltr'>Zibellinas</span> <span class='ocrx_word' id='word_1_133' title='bbox 1458 1355 1709 1408; x_wconf 69' lang='lat' dir='ltr'>detegendas</span> <span class='ocrx_word' id='word_1_134' title='bbox 1751 1353 1809 1392; x_wconf 84' lang='lat' dir='ltr'>ita</span> 
     </span>
     <span class='ocr_line' id='line_1_16' title="bbox 134 1428 1809 1485; baseline -0.002 -14"><span class='ocrx_word' id='word_1_135' title='bbox 134 1431 279 1471; x_wconf 74' lang='lat' dir='ltr'>callidi</span> <span class='ocrx_word' id='word_1_136' title='bbox 308 1433 456 1471; x_wconf 88' lang='lat' dir='ltr'>dantur</span> <span class='ocrx_word' id='word_1_137' title='bbox 485 1446 625 1480; x_wconf 87' lang='lat' dir='ltr'>canes,</span> <span class='ocrx_word' id='word_1_138' title='bbox 670 1443 715 1471; x_wconf 89' lang='lat' dir='ltr'>ut</span> <span class='ocrx_word' id='word_1_139' title='bbox 745 1431 1059 1480; x_wconf 81' lang='lat' dir='ltr'>animalculum,</span> <span class='ocrx_word' id='word_1_140' title='bbox 1111 1431 1144 1470; x_wconf 87' lang='lat' dir='ltr'>si</span> <span class='ocrx_word' id='word_1_141' title='bbox 1174 1442 1382 1485; x_wconf 86' lang='lat' dir='ltr'>nequeant</span> <span class='ocrx_word' id='word_1_142' title='bbox 1411 1445 1578 1485; x_wconf 82' lang='lat' dir='ltr'>capere,</span> <span class='ocrx_word' id='word_1_143' title='bbox 1622 1428 1665 1468; x_wconf 84' lang='lat' dir='ltr'>in</span> <span class='ocrx_word' id='word_1_144' title='bbox 1696 1430 1809 1468; x_wconf 78' lang='lat' dir='ltr'>arbo-</span> 
     </span>
     <span class='ocr_line' id='line_1_17' title="bbox 136 1502 1811 1561; baseline -0.002 -15"><span class='ocrx_word' id='word_1_145' title='bbox 136 1522 222 1546; x_wconf 87' lang='lat' dir='ltr'>rem</span> <span class='ocrx_word' id='word_1_146' title='bbox 252 1508 459 1561; x_wconf 84' lang='lat' dir='ltr'>quandam</span> <span class='ocrx_word' id='word_1_147' title='bbox 488 1507 708 1560; x_wconf 79' lang='lat' dir='ltr'>confugere</span> <span class='ocrx_word' id='word_1_148' title='bbox 739 1517 907 1560; x_wconf 78' lang='lat' dir='ltr'>cogant,</span> <span class='ocrx_word' id='word_1_149' title='bbox 938 1518 979 1546; x_wconf 85' lang='lat' dir='ltr'>et</span> <span class='ocrx_word' id='word_1_150' title='bbox 1009 1506 1126 1560; x_wconf 73' lang='lat' dir='ltr'>signo</span> <span class='ocrx_word' id='word_1_151' title='bbox 1156 1504 1344 1545; x_wconf 75' lang='lat' dir='ltr'>venatori</span> <span class='ocrx_word' id='word_1_152' title='bbox 1391 1519 1493 1544; x_wconf 86' lang='lat' dir='ltr'>voce</span> <span class='ocrx_word' id='word_1_153' title='bbox 1523 1505 1621 1543; x_wconf 84' lang='lat' dir='ltr'>dato</span> <span class='ocrx_word' id='word_1_154' title='bbox 1650 1502 1811 1543; x_wconf 83' lang='lat' dir='ltr'>tamdiu</span> 
     </span>
     <span class='ocr_line' id='line_1_18' title="bbox 137 1577 1810 1628; baseline -0.002 -8"><span class='ocrx_word' id='word_1_155' title='bbox 137 1580 394 1628; x_wconf 86' lang='lat' dir='ltr'>custodiunt,</span> <span class='ocrx_word' id='word_1_156' title='bbox 427 1581 560 1619; x_wconf 86' lang='lat' dir='ltr'>donec</span> <span class='ocrx_word' id='word_1_157' title='bbox 589 1580 624 1620; x_wconf 88' lang='lat' dir='ltr'>is</span> <span class='ocrx_word' id='word_1_158' title='bbox 654 1581 705 1619; x_wconf 89' lang='lat' dir='ltr'>ad</span> <span class='ocrx_word' id='word_1_159' title='bbox 735 1580 1010 1619; x_wconf 86' lang='lat' dir='ltr'>occidendam</span> <span class='ocrx_word' id='word_1_160' title='bbox 1037 1582 1123 1619; x_wconf 83' lang='lat' dir='ltr'>telo</span> <span class='ocrx_word' id='word_1_161' title='bbox 1154 1579 1405 1618; x_wconf 83' lang='lat' dir='ltr'>Zibellinam</span> <span class='ocrx_word' id='word_1_162' title='bbox 1434 1578 1642 1618; x_wconf 87' lang='lat' dir='ltr'>insecutus</span> <span class='ocrx_word' id='word_1_163' title='bbox 1673 1577 1810 1616; x_wconf 82' lang='lat' dir='ltr'>fuerit.</span> 
     </span>
     <span class='ocr_line' id='line_1_19' title="bbox 138 1651 1811 1709; baseline -0.002 -15"><span class='ocrx_word' id='word_1_164' title='bbox 138 1653 439 1696; x_wconf 83' lang='lat' dir='ltr'>Camtschatici</span> <span class='ocrx_word' id='word_1_165' title='bbox 470 1669 590 1694; x_wconf 84' lang='lat' dir='ltr'>canes</span> <span class='ocrx_word' id='word_1_166' title='bbox 621 1671 643 1693; x_wconf 88' lang='lat' dir='ltr'>a</span> <span class='ocrx_word' id='word_1_167' title='bbox 671 1654 805 1709; x_wconf 83' lang='lat' dir='ltr'>prima</span> <span class='ocrx_word' id='word_1_168' title='bbox 836 1658 1047 1704; x_wconf 79' lang='lat' dir='ltr'>juventute</span> <span class='ocrx_word' id='word_1_169' title='bbox 1072 1656 1123 1693; x_wconf 89' lang='lat' dir='ltr'>ad</span> <span class='ocrx_word' id='word_1_170' title='bbox 1138 1653 1360 1693; x_wconf 82' lang='lat' dir='ltr'>trahendas</span> <span class='ocrx_word' id='word_1_171' title='bbox 1390 1652 1528 1692; x_wconf 79' lang='lat' dir='ltr'>trahas</span> <span class='ocrx_word' id='word_1_172' title='bbox 1558 1651 1692 1700; x_wconf 85' lang='lat' dir='ltr'>docti,</span> <span class='ocrx_word' id='word_1_173' title='bbox 1725 1651 1811 1690; x_wconf 88' lang='lat' dir='ltr'>nul-</span> 
     </span>
     <span class='ocr_line' id='line_1_20' title="bbox 140 1726 1810 1784; baseline -0.003 -15"><span class='ocrx_word' id='word_1_174' title='bbox 140 1731 201 1769; x_wconf 83' lang='lat' dir='ltr'>los</span> <span class='ocrx_word' id='word_1_175' title='bbox 231 1730 392 1769; x_wconf 84' lang='lat' dir='ltr'>labores</span> <span class='ocrx_word' id='word_1_176' title='bbox 420 1740 627 1777; x_wconf 88' lang='lat' dir='ltr'>recusant,</span> <span class='ocrx_word' id='word_1_177' title='bbox 659 1728 1134 1784; x_wconf 78' lang='lat' dir='ltr'>tenuissimoepiscium</span> <span class='ocrx_word' id='word_1_178' title='bbox 1157 1727 1524 1783; x_wconf 74' lang='lat' dir='ltr'>semiputridorum</span> <span class='ocrx_word' id='word_1_179' title='bbox 1555 1726 1687 1766; x_wconf 81' lang='lat' dir='ltr'>aristis</span> <span class='ocrx_word' id='word_1_180' title='bbox 1718 1741 1810 1765; x_wconf 80' lang='lat' dir='ltr'>con-</span> 
     </span>
     <span class='ocr_line' id='line_1_21' title="bbox 138 1801 1811 1858; baseline -0.003 -14"><span class='ocrx_word' id='word_1_181' title='bbox 138 1816 269 1845; x_wconf 83' lang='lat' dir='ltr'>stante</span> <span class='ocrx_word' id='word_1_182' title='bbox 299 1803 396 1845; x_wconf 90' lang='lat' dir='ltr'>cibo</span> <span class='ocrx_word' id='word_1_183' title='bbox 425 1803 612 1844; x_wconf 84' lang='lat' dir='ltr'>contenti</span> <span class='ocrx_word' id='word_1_184' title='bbox 642 1814 684 1843; x_wconf 88' lang='lat' dir='ltr'>et</span> <span class='ocrx_word' id='word_1_185' title='bbox 713 1818 833 1858; x_wconf 82' lang='lat' dir='ltr'>saepe</span> <span class='ocrx_word' id='word_1_186' title='bbox 864 1805 967 1843; x_wconf 85' lang='lat' dir='ltr'>adeo</span> <span class='ocrx_word' id='word_1_187' title='bbox 997 1803 1201 1852; x_wconf 74' lang='lat' dir='ltr'>famelici,</span> <span class='ocrx_word' id='word_1_188' title='bbox 1239 1814 1283 1842; x_wconf 90' lang='lat' dir='ltr'>ut</span> <span class='ocrx_word' id='word_1_189' title='bbox 1312 1801 1522 1841; x_wconf 66' lang='lat' dir='ltr'>trahar-um</span> <span class='ocrx_word' id='word_1_190' title='bbox 1552 1812 1594 1841; x_wconf 88' lang='lat' dir='ltr'>et</span> <span class='ocrx_word' id='word_1_191' title='bbox 1623 1804 1811 1854; x_wconf 77' lang='lat' dir='ltr'>jugorum</span> 
     </span>
     <span class='ocr_line' id='line_1_22' title="bbox 138 1875 1811 1932; baseline -0.004 -12"><span class='ocrx_word' id='word_1_192' title='bbox 138 1881 225 1920; x_wconf 87' lang='lat' dir='ltr'>lora</span> <span class='ocrx_word' id='word_1_193' title='bbox 240 1882 406 1929; x_wconf 87' lang='lat' dir='ltr'>rodant,</span> <span class='ocrx_word' id='word_1_194' title='bbox 439 1879 520 1919; x_wconf 89' lang='lat' dir='ltr'>nisi</span> <span class='ocrx_word' id='word_1_195' title='bbox 545 1891 771 1919; x_wconf 85' lang='lat' dir='ltr'>arceantur.</span> <span class='ocrx_word' id='word_1_196' title='bbox 831 1882 927 1928; x_wconf 86' lang='lat' dir='ltr'>Hos,</span> <span class='ocrx_word' id='word_1_197' title='bbox 960 1894 1011 1918; x_wconf 92' lang='lat' dir='ltr'>ne</span> <span class='ocrx_word' id='word_1_198' title='bbox 1043 1878 1206 1918; x_wconf 74' lang='lat' dir='ltr'>adtritis</span> <span class='ocrx_word' id='word_1_199' title='bbox 1233 1878 1277 1917; x_wconf 91' lang='lat' dir='ltr'>in</span> <span class='ocrx_word' id='word_1_200' title='bbox 1309 1876 1485 1932; x_wconf 78' lang='lat' dir='ltr'>glaciata</span> <span class='ocrx_word' id='word_1_201' title='bbox 1516 1875 1612 1915; x_wconf 76' lang='lat' dir='ltr'>nive</span> <span class='ocrx_word' id='word_1_202' title='bbox 1636 1875 1811 1930; x_wconf 83' lang='lat' dir='ltr'>pedibus</span> 
     </span>
     <span class='ocr_line' id='line_1_23' title="bbox 139 1950 1811 2004; baseline -0.004 -9"><span class='ocrx_word' id='word_1_203' title='bbox 139 1955 278 1994; x_wconf 78' lang='lat' dir='ltr'>claudi</span> <span class='ocrx_word' id='word_1_204' title='bbox 306 1957 423 2004; x_wconf 86' lang='lat' dir='ltr'>fiant,</span> <span class='ocrx_word' id='word_1_205' title='bbox 456 1954 749 1995; x_wconf 82' lang='lat' dir='ltr'>calceamentis</span> <span class='ocrx_word' id='word_1_206' title='bbox 779 1970 801 1994; x_wconf 86' lang='lat' dir='ltr'>e</span> <span class='ocrx_word' id='word_1_207' title='bbox 831 1954 945 1994; x_wconf 87' lang='lat' dir='ltr'>corio</span> <span class='ocrx_word' id='word_1_208' title='bbox 974 1954 1141 1993; x_wconf 87' lang='lat' dir='ltr'>indutos</span> <span class='ocrx_word' id='word_1_209' title='bbox 1170 1968 1331 1994; x_wconf 83' lang='lat' dir='ltr'>currere</span> <span class='ocrx_word' id='word_1_210' title='bbox 1376 1950 1672 1991; x_wconf 80' lang='lat' dir='ltr'>adsuefaciunt.</span> <span class='ocrx_word' id='word_1_211' title='bbox 1744 1951 1811 1989; x_wconf 83' lang='lat' dir='ltr'>Ad</span> 
     </span>
     <span class='ocr_line' id='line_1_24' title="bbox 139 2026 1812 2083; baseline -0.003 -15"><span class='ocrx_word' id='word_1_212' title='bbox 139 2029 345 2070; x_wconf 80' lang='lat' dir='ltr'>Jeniseam</span> <span class='ocrx_word' id='word_1_213' title='bbox 375 2042 417 2070; x_wconf 86' lang='lat' dir='ltr'>et</span> <span class='ocrx_word' id='word_1_214' title='bbox 445 2033 600 2069; x_wconf 85' lang='lat' dir='ltr'>Lenam</span> <span class='ocrx_word' id='word_1_215' title='bbox 630 2029 756 2068; x_wconf 84' lang='lat' dir='ltr'>etiam</span> <span class='ocrx_word' id='word_1_216' title='bbox 786 2029 1050 2069; x_wconf 83' lang='lat' dir='ltr'>venatoribus</span> <span class='ocrx_word' id='word_1_217' title='bbox 1087 2028 1240 2083; x_wconf 75' lang='lat' dir='ltr'>hyeme</span> <span class='ocrx_word' id='word_1_218' title='bbox 1279 2042 1440 2081; x_wconf 78' lang='lat' dir='ltr'>semper</span> <span class='ocrx_word' id='word_1_219' title='bbox 1469 2040 1589 2065; x_wconf 83' lang='lat' dir='ltr'>canes</span> <span class='ocrx_word' id='word_1_220' title='bbox 1625 2026 1812 2064; x_wconf 85' lang='lat' dir='ltr'>laborum</span> 
     </span>
     <span class='ocr_line' id='line_1_25' title="bbox 141 2099 1811 2158; baseline -0.004 -14"><span class='ocrx_word' id='word_1_221' title='bbox 141 2104 316 2144; x_wconf 82' lang='lat' dir='ltr'>comites</span> <span class='ocrx_word' id='word_1_222' title='bbox 346 2116 457 2153; x_wconf 88' lang='lat' dir='ltr'>sunt,</span> <span class='ocrx_word' id='word_1_223' title='bbox 497 2116 539 2144; x_wconf 84' lang='lat' dir='ltr'>et</span> <span class='ocrx_word' id='word_1_224' title='bbox 575 2105 619 2144; x_wconf 87' lang='lat' dir='ltr'>in</span> <span class='ocrx_word' id='word_1_225' title='bbox 655 2104 791 2158; x_wconf 78' lang='lat' dir='ltr'>parvis</span> <span class='ocrx_word' id='word_1_226' title='bbox 822 2103 951 2144; x_wconf 77' lang='lat' dir='ltr'>trahis</span> <span class='ocrx_word' id='word_1_227' title='bbox 983 2119 1187 2144; x_wconf 83' lang='lat' dir='ltr'>annonam</span> <span class='ocrx_word' id='word_1_228' title='bbox 1219 2114 1259 2142; x_wconf 83' lang='lat' dir='ltr'>et</span> <span class='ocrx_word' id='word_1_229' title='bbox 1289 2101 1393 2140; x_wconf 81' lang='lat' dir='ltr'>retia</span> <span class='ocrx_word' id='word_1_230' title='bbox 1424 2111 1546 2153; x_wconf 82' lang='lat' dir='ltr'>atque</span> <span class='ocrx_word' id='word_1_231' title='bbox 1577 2099 1811 2154; x_wconf 75' lang='lat' dir='ltr'>supellecti-</span> 
     </span>
     <span class='ocr_line' id='line_1_26' title="bbox 142 2174 1813 2232; baseline -0.004 -14"><span class='ocrx_word' id='word_1_232' title='bbox 142 2180 228 2219; x_wconf 86' lang='lat' dir='ltr'>lem</span> <span class='ocrx_word' id='word_1_233' title='bbox 256 2178 433 2228; x_wconf 86' lang='lat' dir='ltr'>vehunt,</span> <span class='ocrx_word' id='word_1_234' title='bbox 465 2179 644 2219; x_wconf 87' lang='lat' dir='ltr'>dominis</span> <span class='ocrx_word' id='word_1_235' title='bbox 674 2179 904 2217; x_wconf 77' lang='lat' dir='ltr'>fidelissimi</span> <span class='ocrx_word' id='word_1_236' title='bbox 932 2178 1193 2232; x_wconf 71' lang='lat' dir='ltr'>pedissequi,</span> <span class='ocrx_word' id='word_1_237' title='bbox 1224 2187 1265 2216; x_wconf 90' lang='lat' dir='ltr'>et</span> <span class='ocrx_word' id='word_1_238' title='bbox 1295 2190 1389 2215; x_wconf 86' lang='lat' dir='ltr'>cum</span> <span class='ocrx_word' id='word_1_239' title='bbox 1417 2174 1561 2214; x_wconf 79' lang='lat' dir='ltr'>nivosa</span> <span class='ocrx_word' id='word_1_240' title='bbox 1590 2185 1813 2229; x_wconf 74' lang='lat' dir='ltr'>tempestas</span> 
     </span>
     <span class='ocr_line' id='line_1_27' title="bbox 143 2249 1811 2305; baseline -0.004 -12"><span class='ocrx_word' id='word_1_241' title='bbox 143 2253 314 2303; x_wconf 86' lang='lat' dir='ltr'>incidit,</span> <span class='ocrx_word' id='word_1_242' title='bbox 360 2254 469 2294; x_wconf 87' lang='lat' dir='ltr'>circa</span> <span class='ocrx_word' id='word_1_243' title='bbox 508 2253 655 2292; x_wconf 80' lang='lat' dir='ltr'>herum</span> <span class='ocrx_word' id='word_1_244' title='bbox 698 2254 943 2292; x_wconf 81' lang='lat' dir='ltr'>accubantes</span> <span class='ocrx_word' id='word_1_245' title='bbox 972 2264 1013 2292; x_wconf 89' lang='lat' dir='ltr'>et</span> <span class='ocrx_word' id='word_1_246' title='bbox 1057 2267 1130 2292; x_wconf 88' lang='lat' dir='ltr'>suo</span> <span class='ocrx_word' id='word_1_247' title='bbox 1166 2252 1286 2292; x_wconf 85' lang='lat' dir='ltr'>illum</span> <span class='ocrx_word' id='word_1_248' title='bbox 1317 2266 1488 2305; x_wconf 78' lang='lat' dir='ltr'>corpore</span> <span class='ocrx_word' id='word_1_249' title='bbox 1520 2249 1811 2297; x_wconf 79' lang='lat' dir='ltr'>refocillantes,</span> 
     </span>
     <span class='ocr_line' id='line_1_28' title="bbox 141 2327 1812 2383; baseline -0.004 -15"><span class='ocrx_word' id='word_1_250' title='bbox 141 2329 223 2368; x_wconf 86' lang='lat' dir='ltr'>nisi</span> <span class='ocrx_word' id='word_1_251' title='bbox 251 2328 415 2383; x_wconf 79' lang='lat' dir='ltr'>tuguria</span> <span class='ocrx_word' id='word_1_252' title='bbox 447 2327 659 2381; x_wconf 83' lang='lat' dir='ltr'>adtingere</span> <span class='ocrx_word' id='word_1_253' title='bbox 677 2327 853 2383; x_wconf 83' lang='lat' dir='ltr'>possint,</span> <span class='ocrx_word' id='word_1_254' title='bbox 887 2343 1079 2382; x_wconf 87' lang='lat' dir='ltr'>quorsum</span> <span class='ocrx_word' id='word_1_255' title='bbox 1109 2328 1236 2368; x_wconf 85' lang='lat' dir='ltr'>etiam</span> <span class='ocrx_word' id='word_1_256' title='bbox 1266 2334 1587 2381; x_wconf 79' lang='lat' dir='ltr'>tempestuosam</span> <span class='ocrx_word' id='word_1_257' title='bbox 1617 2339 1690 2379; x_wconf 87' lang='lat' dir='ltr'>per</span> <span class='ocrx_word' id='word_1_258' title='bbox 1718 2338 1812 2363; x_wconf 87' lang='lat' dir='ltr'>noc-</span> 
     </span>
    </p>
   </div>
   <div class='ocr_carea' id='block_1_2' title="bbox 142 2401 1812 2503">
    <p class='ocr_par' dir='ltr' id='par_1_2' title="bbox 142 2401 1812 2503">
     <span class='ocr_line' id='line_1_29' title="bbox 142 2401 1812 2458; baseline -0.004 -14"><span class='ocrx_word' id='word_1_259' title='bbox 142 2415 247 2454; x_wconf 78' lang='lat' dir='ltr'>tem,</span> <span class='ocrx_word' id='word_1_260' title='bbox 293 2404 380 2444; x_wconf 87' lang='lat' dir='ltr'>sine</span> <span class='ocrx_word' id='word_1_261' title='bbox 410 2403 503 2444; x_wconf 85' lang='lat' dir='ltr'>viae</span> <span class='ocrx_word' id='word_1_262' title='bbox 534 2403 730 2458; x_wconf 81' lang='lat' dir='ltr'>vestigio,</span> <span class='ocrx_word' id='word_1_263' title='bbox 775 2404 863 2444; x_wconf 70' lang='lat' dir='ltr'>solo</span> <span class='ocrx_word' id='word_1_264' title='bbox 894 2404 1047 2444; x_wconf 81' lang='lat' dir='ltr'>olfactu</span> <span class='ocrx_word' id='word_1_265' title='bbox 1086 2404 1214 2451; x_wconf 86' lang='lat' dir='ltr'>ducti,</span> <span class='ocrx_word' id='word_1_266' title='bbox 1243 2404 1414 2443; x_wconf 72' lang='lat' dir='ltr'>tendere</span> <span class='ocrx_word' id='word_1_267' title='bbox 1459 2401 1625 2442; x_wconf 77' lang='lat' dir='ltr'>callent.</span> <span class='ocrx_word' id='word_1_268' title='bbox 1698 2403 1812 2439; x_wconf 79' lang='lat' dir='ltr'>Prae-</span> 
     </span>
     <span class='ocr_line' id='line_1_30' title="bbox 1292 2483 1314 2503; baseline 0 -2"><span class='ocrx_word' id='word_1_269' title='bbox 1292 2483 1314 2503; x_wconf 65' lang='grc' dir='ltr'>’,Ἇῑ</span> 
     </span>
    </p>
   </div>
  </div>
 </body>
</html>
