2196 2927
421 156 501 194 152
1166 153 1312 177 Ξ

547 251 879 300 Animalculum,
923 249 1004 291 nisi
1032 264 1205 305 sequens
1234 256 1341 290 esset
1369 250 1601 298 detectum,
1643 252 1687 291 in
1725 267 1796 293 suo
1826 268 1976 308 genere
2005 253 2080 295 mi-

412 327 592 373 nimum,
621 325 693 365 vix
723 329 886 365 Murem
916 324 1176 381 amphibium
1205 325 1315 365 mole
1345 326 1572 375 excedens,
1611 341 1790 381 campos,
1822 329 2079 380 fubaltaicos,

412 414 453 441 et
483 401 591 441 circa
620 400 745 440 series
774 400 946 441 collium
975 402 1024 440 ab
1055 401 1272 440 austaliore
1315 401 1393 439 fine
1436 400 1646 440 Uralensis
1674 401 1761 455 jugi
1788 402 1981 457 utrinque
2011 419 2078 443 ex-

410 475 664 516 currentium
691 475 885 531 planities
916 477 1080 515 arbusto
1122 475 1299 515 consitas
1340 490 1463 529 parce
1505 474 1764 525 inhabitans,
1809 477 1901 516 loca
1942 493 2081 518 amans

411 550 606 599 herbida,
639 550 711 590 ubi
740 552 813 590 sub
842 549 1059 590 fruticibus
1090 550 1291 589 cuniculis
1322 550 1545 590 multiforis
1576 550 1806 590 solitarium
1832 550 2006 599 habitat,
2038 563 2079 591 et

411 625 643 680 vespertina
674 640 797 674 voce,
831 625 1066 665 Coturnicis
1100 625 1281 674 aemula,
1323 625 1445 678 longe
1476 626 1737 665 exaudienda
1767 629 1985 679 conjugem
2016 641 2081 680 ap-

411 701 554 755 pellat.
612 703 658 739 In
688 700 840 740 Sibiria
868 700 1065 740 ulteriore
1093 701 1390 740 trans-Obum
1421 702 1459 740 fl.
1491 716 1573 740 non
1602 702 1740 749 datur,
1772 716 1905 755 neque
1922 700 1964 739 in
1982 703 2081 739 Rus-

411 774 469 814 sia
500 776 550 814 ad
581 774 844 815 occidentem
873 775 1031 828 Volgae
1062 775 1144 813 late
1175 774 1357 828 speciem
1387 775 1649 829 propagavit,
1695 791 1770 815 nec
1814 776 1920 815 ultra
1963 784 2083 817 5o¹¹¹³¹¹¹

410 849 643 889 latitudinis
673 851 845 903 gradum
875 850 925 888 ad
956 851 1123 888 boream
1154 848 1381 888 adscendit.

738 1001 819 1038 71.
911 988 1199 1030 LEPUS
1289 988 1760 1045 hyperboreas.

544 1083 590 1119 L.
621 1082 840 1120 ecaudatus
870 1079 1145 1134 ferrugineus,
1177 1081 1298 1119 dorso
1329 1079 1630 1129 cinerascente,
1670 1079 1864 1120 auriculis
1894 1081 2083 1121 rotunda-

410 1155 482 1203 tis,
517 1155 610 1194 albo
641 1154 894 1209 marginatis.

548 1229 715 1283 Species
745 1229 900 1269 eximia
928 1229 1132 1284 parvitate
1162 1244 1231 1267 sua
1260 1228 1468 1268 notabilis.
1528 1229 1646 1268 Plura
1676 1232 1761 1277 ejus
1791 1227 2020 1283 specimina
2042 1241 2085 1269 et

411 1303 542 1357 pelles
571 1317 593 1342 e
623 1303 741 1342 terris
769 1303 1131 1351 Tschuktscliicis,
1176 1303 1248 1343 ubi
1290 1302 1443 1357 hyeme
1487 1304 1664 1343 collecta
1706 1305 1889 1352 fuerunt,
1934 1304 2086 1344 adtulit

412 1378 466 1415 D.
497 1378 550 1415 D.
578 1379 738 1422 Mer-k,⁴
776 1379 961 1432 adeoque
1003 1377 1214 1417 tantillum
1246 1377 1539 1417 animalculum
1570 1379 1643 1418 sub
1673 1378 1761 1434 ipsa
1792 1390 1904 1419 arcto
1937 1378 2085 1432 frigora

413 1463 454 1491 et
482 1452 597 1491 nives
629 1468 710 1491 non
740 1452 993 1491 reformidat.

549 1528 720 1566 Descr.
778 1527 1022 1579 Magnitudo
1052 1525 1213 1565 Lcmmi
1244 1526 1471 1580 norvagici.
1530 1528 1875 1568 Praecedentibus
1904 1527 1963 1567 ita
1991 1543 2085 1569 con—

412 1599 596 1649 sobrina,
627 1612 690 1649 ut,
730 1611 892 1655 praeter
919 1601 1101 1645 colorem
1131 1612 1172 1640 et
1202 1611 1388 1640 naturam
1419 1601 1623 1641 diversam
1653 1603 1917 1657 coloremque
1961 1604 2084 1643 velle—

414 1675 486 1724 ris,
525 1675 597 1714 vix
627 1675 909 1715 characterem
940 1675 1149 1724 invenias,
1194 1690 1275 1728 quo
1305 1676 1616 1716 determinetur.
1688 1679 1822 1732 Caput
1852 1677 2082 1731 oblongius,

415 1765 537 1803 quam
565 1750 608 1789 in
640 1754 684 1790 L.
703 1751 862 1805 alpino,
896 1752 1025 1790 forma
1047 1751 1130 1789 fere
1161 1761 1205 1789 ut
1224 1750 1353 1790 Muris
1378 1751 1596 1790 decumani
1646 1751 1842 1791 lateribus
1866 1751 2082 1801 lutescens,

416 1826 509 1879 gula
537 1836 579 1865 et
607 1826 777 1865 maxilla
806 1825 1001 1865 inferiore
1033 1825 1184 1865 albida.
1256 1827 1405 1865 Dentes
1440 1830 1631 1880 primores
1662 1824 1766 1875 albi,
1811 1837 1855 1864 ut
1884 1840 2085 1880 congene-

416 1915 526 1947 rum,
555 1907 774 1956 superiores
802 1902 1025 1941 secundum
1056 1900 1297 1940 interiorem
1328 1901 1522 1954 angulum
1553 1900 1718 1949 sulcati,
1766 1900 1883 1955 apice
1913 1900 2083 1955 emargi-

416 1974 523 2023 nati3
554 1978 624 2015 sed
656 1981 889 2017 accessoriis
917 1974 1091 2015 internis
1122 1975 1346 2015 denticulis
1375 1975 1447 2015 vix
1477 1975 1728 2030 conspicuis,
1761 1975 1964 2025 minimis,
1997 1991 2086 2015 acu-

415 2051 487 2095 tis;
518 2054 719 2104 inferiores·
748 2051 949 2100 truncati,
981 2050 1206 2104 longiores,
1240 2062 1358 2089 extus
1387 2051 1578 2091 convexi.
1607 2076 1661 2082 —-
1696 2053 1906 2104 Mystaces
1933 2050 2084 2105 nigres-

416 2137 573 2174 centes,
605 2126 740 2180 capite
770 2125 989 2181 longiores.
1020 2150 1073 2155 -—
1117 2127 1335 2166 Auriculae
1367 2128 1628 2176 rotundatae,
1661 2142 1755 2166 cum
1785 2125 1887 2165 exili
1919 2126 2080 2179 angulo,

417 2215 485 2240 ora
516 2201 621 2240 alba.
651 2225 702 2231 ——
734 2202 858 2241 Pedes
888 2199 1038 2240 albidi:
1070 2202 1235 2241 Palmae
1249 2200 1586 2255 pentadactylae3
1618 2205 1762 2256 pollice
1777 2200 2082 2247 remotiusculo,

418 2275 628 2323 breviore,
661 2274 809 2314 mediis
841 2275 983 2329 digitis
1013 2276 1343 2329 subaequalibus.
1414 2277 1581 2316 Plantae
1609 2276 1928 2330 tctradactylae,
1972 2283 2082 2312 exte-

421 2346 526 2387 riore
556 2350 757 2389 breviore.
824 2351 950 2389 Volae
979 2351 1132 2405 pedum
1160 2361 1436 2399 tomentosae,
1482 2362 1643 2405 practer
1673 2365 1883 2390 verrucam
1911 2349 1983 2387 sub
2013 2362 2082 2386 un-
