2196 2927
348 176 390 218 X

350 321 453 361 tam,
493 309 623 351 simul
659 320 764 347 vero
801 313 938 345 totam
975 302 1139 343 elatam
1177 309 1222 342 et
1259 301 1524 357 alpestrem3
1564 315 1696 357 quam
1733 303 1779 343 in
1817 298 2001 345 univer:

351 410 445 438 sum
483 393 680 435 Sibiiiam
716 390 973 432 orientalem
1014 388 1255 442 appelabo.
1345 386 1417 429 Ab
1456 388 1541 427 hoc
1579 388 1698 429 elato
1720 395 1766 427 et
1793 398 2000 429 montano

352 482 441 521 situ
493 476 661 533 pendet
697 490 755 518 ex
796 483 920 530 parte
973 472 1307 513 orientaliorum
1361 473 1593 529 regionum
1647 471 1822 529 frigus3
1896 473 2001 513 inde

352 561 537 605 mutatio
584 561 692 610 soli,
756 560 1007 615 plantarum
1053 557 1229 597 diversa
1275 557 1540 614 progenies,
1606 556 1814 598 animalia
1862 557 2005 598 multa

351 646 598 704 peculiaria
635 645 744 686 huic
781 643 980 684 ulteriori
1017 641 1225 690 Simu-iae,
1263 655 1377 697 quae
1414 639 1658 683 Gmelino
1696 647 2005 696 persuaserant

353 733 407 774 ad
443 731 652 773 Jeniseam
693 729 826 770 Asiae
863 729 968 769 fines
1006 725 1215 768 Naturam
1251 727 1471 782 posuisse,
1560 727 1608 767 In
1646 740 1807 784 genere
1834 735 2005 767 monta-

353 831 435 858 nae
474 816 700 873 regiones,
747 827 836 869 quo
874 811 1091 854 borealior
1128 821 1174 852 et
1210 811 1413 869 frigidior
1450 826 1656 867 quaeque
1694 820 1783 858 est,
1822 825 1875 852 eo
1915 824 2005 852 ma-

352 902 420 959 gis
458 900 598 956 sylvis
636 899 852 947 abundat,
915 911 1029 953 quae
1067 897 1190 952 ipsae
1229 899 1456 938 humorem
1496 905 1541 937 et
1578 896 1718 954 frigus
1756 905 1924 953 augent
1960 904 2007 938 et

352 985 706 1027 inclementiores
761 984 1035 1041 irriguaeque
1092 984 1171 1023 has
1225 991 1360 1023 terras
1414 982 1624 1023 reddunt.
1732 980 1868 1021 Immo
1910 988 2007 1021 tota

351 1070 442 1111 fere
490 1070 683 1112 borealis
729 1069 866 1125 plaga
912 1067 1097 1108 Sibiriae
1144 1081 1168 1108 a
1214 1064 1353 1109 Cama
1391 1065 1435 1109 fl.
1483 1067 1539 1106 ad
1583 1066 1746 1106 Lenam
1793 1064 2007 1105 continua

351 1155 479 1210 sylva
533 1162 632 1207 est3
704 1153 867 1194 arctica
920 1165 1028 1192 vero
1077 1165 1175 1200 ora,
1241 1152 1318 1192 ubi
1364 1152 1493 1207 sylva
1542 1162 1780 1206 exsurgere
1827 1149 2005 1204 nequit,

350 1239 471 1281 nuda
524 1247 569 1278 et
622 1251 820 1278 muscosa
874 1237 1030 1293 palus,
1101 1236 1184 1278 *vix
1240 1236 1295 1277 ad
1346 1236 1596 1292 spithamae
1652 1234 2008 1290 profunditatem

352 1332 520 1366 aestate
574 1323 876 1380 degelasccns.
991 1321 1091 1362 Hae
1139 1330 1289 1377 partes
1345 1321 1615 1362 Insectorum
1662 1328 1710 1361 et
1755 1319 2010 1375 Reptilium

348 1408 598 1466 proventui
634 1421 788 1463 parum
824 1407 979 1448 favent
1014 1415 1060 1448 et
1097 1408 1266 1448 habent
1301 1406 1588 1462 paucissimas
1626 1404 1811 1460 species.
1887 1401 2010 1445 Con-

350 1502 418 1536 tra
454 1495 659 1546 majorum
699 1493 955 1534 animalium
992 1492 1301 1547 sylvestrium,
1366 1491 1609 1547 aviumque
1648 1498 1868 1546 exoptata
1905 1497 2010 1530 sunt

351 1579 517 1634 patria,
556 1579 618 1619 ita
655 1586 728 1625 ut,
765 1591 854 1634 quo
892 1578 1030 1635 magis
1068 1578 1124 1619 ad
1163 1579 1338 1618 boream
1376 1585 1421 1616 et
1458 1575 1691 1617 Orientem
1727 1573 2010 1629 processeris,

351 1672 549 1704 crescant
585 1663 740 1716 sylvae
777 1669 823 1701 et
857 1661 1066 1714 paludes,
1105 1668 1321 1714 augeatur
1362 1659 1551 1698 ferarum
1588 1659 1631 1697 in
1656 1657 1902 1697 solitudine
1940 1657 2009 1696 in·

355 1747 479 1788 culta
515 1757 721 1785 numerus
759 1751 806 1783 et
841 1741 1188 1798 migratoriarum
1226 1741 1400 1786 avium,
1453 1741 1711 1795 praesertim
1747 1753 1885 1796 aquas
1922 1740 2008 1782 fre-

357 1828 688 1885 quentantium,
726 1827 959 1868 tumultus,

526 1909 695 1953 Contra
739 1911 952 1953 australes
996 1908 1208 1951 Tatariae
1255 1911 1425 1966 campi,
1490 1911 1652 1966 partim
1698 1910 2008 1952 herbidissimo

360 1997 557 2052 caespite
595 1996 724 2044 laeti,
760 1995 919 2050 partim
956 1995 1089 2043 nudi,
1127 1996 1254 2043 salsi,
1295 2004 1340 2036 et
1377 1996 1530 2037 ardore
1569 1996 1855 2052 reduplicato
1894 1994 2009 2035 Solis

361 2081 539 2130 torridi,
583 2094 671 2121 non
708 2081 850 2121 solum
888 2094 912 2120 e
950 2080 1187 2121 minoribus
1224 2081 1596 2136 quadrupedibus
1635 2081 1775 2121 multa
1812 2079 2010 2128 insolita,

366 2175 561 2222 avesque
599 2164 804 2206 calidiori
840 2165 968 2205 coelo
1007 2164 1229 2215 addictas,
1268 2165 1344 2206 sed
1383 2165 1598 2220 imprimis
1637 2165 1818 2206 insectis
1848 2164 2012 2221 pullu-

365 2252 484 2297 lant,
545 2262 730 2304 quorum
776 2262 863 2289 non
909 2249 1124 2305 exiguum
1172 2263 1400 2290 numerum
1450 2263 1550 2290 cum
1598 2250 1721 2291 India
1769 2258 1813 2290 et
1859 2248 2013 2289 Africa

368 2347 642 2377 communem
687 2334 868 2378 habent.
974 2332 1071 2376 Hae
1109 2334 1380 2375 solitudines
1431 2336 1681 2376 cohortales
1719 2334 1930 2375 Locustas
1968 2340 2013 2373 et
