2196 2927
906 203 1049 210 ———-.

1724 196 1811 236 25?

136 279 242 320 biles
273 280 509 330 Calmucci‚
552 283 806 339 proceriores
845 296 886 324 et
915 286 1233 340 praestantiores
1263 289 1630 345 Kirgiso-Tatari3
1674 293 1806 335 mino-

133 371 217 406 res,
250 358 322 396 sed
353 359 538 399 robustos
568 371 610 398 et
639 360 771 398 bonae
807 359 962 400 indolis
993 361 1210 402 Baschkiri
1238 365 1482 415 uralicolae3
1522 368 1620 409 dein
1650 369 1804 411 sensim

132 433 183 472 ad
226 433 430 473 orientem
473 434 581 489 apud
629 433 807 474 Sibiriae
847 435 1023 490 populos
1065 436 1202 477 minor
1230 450 1272 478 et
1302 441 1545 492 debiliores,
1589 459 1716 499 usque
1747 446 1799 485 ad

131 510 287 547 Lenam
317 520 358 548 et
387 508 621 548 sinensium
650 510 769 559 fines,
802 510 875 550 ubi
903 511 1042 551 ultimi
1072 512 1260 567 gentium
1288 514 1558 571 Hippophagi
1579 530 1621 558 et
1645 520 1799 575 Hippo-

128 583 279 637 molgi,
312 583 497 632 Buraeffl,
529 584 714 638 Tungusi
745 596 867 640 atque
897 587 1032 627 Jacuti
1060 588 1259 629 tatarieae
1290 590 1474 646 originis*
1543 596 1628 633 Hae
1658 607 1802 648 gentes

128 659 212 698 fere
242 673 384 699 omnes
414 674 613 714 equarum
642 659 874 702 acidefacto
904 662 1011 702 lacte
1043 675 1085 703 et
1113 663 1348 706 inebriante
1379 665 1570 721 spiritum
1594 671 1800 723 quendam

124 734 359 781 destillant,
402 734 582 790 ideoque
623 750 768 791 greges
811 752 1009 793 equorum
1051 741 1296 795 praesertim
1339 742 1686 798 multiplicarunt.
1754 748 1801 786 In

123 823 273 864 genere
303 809 401 864 equi
430 810 474 849 in
506 811 816 852 australioribus
855 825 1096 869 temperatis
1133 827 1175 856 et
1204 816 1276 856 ubi
1306 817 1476 872 pinguia
1506 834 1675 873 pascua,
1719 835 1802 859 ma*

120 888 226 940 jores
257 897 299 925 et
330 886 504 927 animosi
535 899 804 941 generantur,
849 889 977 944 magis
1015 890 1172 931 dociles
1210 881 1251 932 et
1291 892 1449 932 robusti
1491 893 1535 933 in
1578 894 1800 935 montanis.

121 963 201 1000 Sed
235 961 368 1004 minus
401 974 511 1002 rente
543 966 793 1005 Liiznaeus
821 965 936 1019 sylva
968 966 1168 1006 delectari
1199 967 1324 1011 dicim
1357 981 1515 1009 novunt
1544 970 1657 1010 enini
1687 986 1801 1011 mon·

119 1036 292 1086 1160136,
337 1037 366 1077 si
408 1053 550 1078 eorum
589 1053 641 1094 eq
659 1039 751 1079 iiria
781 1039 824 1079 in
854 1040 982 1095 sylvis
1013 1041 1237 1089 aestivent,
1280 1043 1498 1084 evidenter
1528 1060 1796 1106 macrescere,

118 1124 261 1153 contra
291 1112 334 1152 in
365 1113 514 1169 apricis
545 1126 585 1154 et
616 1114 859 1169 graminosis
889 1116 973 1156 cito
1005 1116 1117 1156 refici
1145 1129 1185 1157 et
1216 1119 1395 1158 collibus
1425 1120 1669 1174 praesertim
1700 1136 1794 1176 gau-

117 1189 229 1228 dere.
289 1188 456 1228 Mssnimi
489 1191 596 1244 apud
637 1205 709 1230 nos
748 1190 845 1244 equi
878 1187 1083 1231 Meseniei
1113 1192 1155 1231 in
1187 1194 1389 1246 gubernio
1419 1194 1796 1251 Archangelopoli-

116 1276 213 1304 tano
244 1275 286 1303 et
315 1264 510 1319 pygmaei
540 1264 583 1304 in
614 1264 747 1304 insula
786 1265 933 1313 Oesel,
977 1266 1130 1321 pulcri,
1177 1267 1322 1314 astuti,
1366 1269 1495 1323 agiles
1533 1282 1575 1310 et
1611 1286 1633 1310 e
1672 1272 1795 1312 valde

116 1339 271 1380 disthis
301 1339 404 1380 loeis
435 1341 486 1380 ad
517 1339 677 1395 aliquot
707 1352 883 1381 centena
913 1342 1044 1381 stadia
1075 1354 1221 1397 sponte
1266 1343 1345 1384 visi
1382 1346 1433 1385 ad
1471 1346 1691 1401 pristinum
1720 1348 1793 1388 do-

116 1416 276 1456 minum
305 1415 490 1456 rediisse.
548 1416 849 1456 Nobilissimae
879 1432 1078 1472 equorum
1117 1419 1336 1473 progenies
1379 1419 1423 1459 in
1469 1421 1651 1462 Caucaso
1693 1421 1789 1462 cha-

116 1491 342 1531 racteribus
385 1493 508 1532 certis
539 1503 752 1538 notantur,
795 1508 896 1547 quos
926 1491 970 1531 in
1001 1493 1230 1547 posteriore
1261 1510 1354 1535 meo
1383 1498 1526 1537 Itinere
1556 1497 1790 1539 delineatos

114 1566 324 1621 proposui.
370 1568 558 1608 Celebris
581 1567 824 1622 praesertim
849 1567 970 1621 stirps
993 1566 1311 1609 Tsclierkessica
1340 1572 1559 1618 Sclzaloclz,
1590 1583 1632 1611 et
1662 1573 1790 1612 Abas-

116 1657 253 1681 sorum
299 1643 462 1689 Tramt,
505 1643 658 1682 virtute
702 1642 772 1682 vix
804 1641 978 1681 arabicis
1009 1643 1205 1683 (edentes
1235 1655 1276 1684 et
1306 1645 1549 1700 genealogia
1579 1662 1791 1687 consecra-

115 1728 195 1756 tae.
252 1720 340 1757 Hae
370 1717 572 1773 patientia
602 1719 809 1767 laborum,
855 1717 943 1756 sitis
973 1717 1174 1772 famisque
1205 1719 1407 1769 eximiae,
1452 1721 1694 1776 longissima
1723 1722 1792 1762 iti-

116 1808 211 1832 nera
242 1792 329 1832 sine
361 1793 503 1848 requie
542 1795 736 1833 ferendae
767 1809 904 1849 pares,
935 1792 1116 1833 alienum
1148 1808 1229 1833 non
1258 1794 1379 1835 facile
1403 1810 1602 1836 sessorem
1626 1808 1788 1852 praeter

118 1880 261 1908 notum
289 1871 525 1920 dominum,
570 1871 696 1910 odore
728 1871 1009 1926 exploratum,
1056 1869 1330 1917 addmittunt,
1374 1882 1415 1911 et
1446 1873 1497 1911 ad
1526 1871 1790 1926 longissimos

116 1960 253 1985 cursus
295 1945 435 1986 inedia
478 1958 520 1985 et
564 1961 692 2001 parvo
736 1962 787 1986 ex
837 1946 972 2001 granis
1014 1945 1166 1999 pabulo
1217 1957 1524 2000 praeparantur.
1595 1948 1794 1987 Schaloch

117 2021 245 2061 etiam
274 2022 423 2074 ungula
454 2023 593 2061 subtus
623 2021 849 2076 laevigata,
884 2019 1112 2075 aequaliter
1140 2034 1320 2059 concava
1350 2021 1567 2075 singularis
1597 2033 1638 2062 et
1668 2022 1791 2062 facile

119 2097 392 2150 agnoscenda.
478 2096 740 2150 Quicumque
794 2107 935 2136 notam
979 2094 1094 2133 hisce
1138 2094 1333 2148 stirpibus
1375 2096 1585 2151 propriam
1630 2096 1791 2137 alienae

117 2171 291 2226 orTgln's
321 2185 429 2225 equo
459 2170 622 2210 inurere
653 2172 796 2217 audet,
828 2171 894 2209 vel
923 2169 994 2224 qui
1023 2169 1125 2208 tales
1160 2184 1307 2223 equOS,
1338 2170 1598 2226 principibus
1627 2182 1668 2212 et
1700 2187 1791 2227 pro-

118 2247 280 2288 ceribus
310 2247 444 2301 gentis
475 2257 734 2286 consecratos
765 2246 938 2294 furatur,
971 2245 1080 2300 apud
1107 2243 1407 2286 Tscherkessos
1438 2259 1569 2288 morte
1601 2247 1792 2287 mulctari

120 2323 224 2363 solet
254 2338 347 2363 curn
379 2322 489 2363 omni
524 2337 593 2362 sua
623 2322 863 2362 familia—
895 2320 1128 2361 Varietates
1154 2321 1329 2370 formae,
1359 2321 1468 2362 ,inter
1488 2338 1637 2377 equos,
1669 2322 1794 2363 rario-

121 2413 184 2438 res
214 2412 337 2453 quam
367 2398 411 2438 in
443 2397 535 2437 aliis
565 2397 806 2439 domestieLs
837 2397 1107 2447 anhralibus,
1153 2396 1251 2454 quia
1294 2412 1346 2437 ex
1389 2397 1512 2439 unita
1549 2398 1688 2455 specie
1718 2396 1800 2439 orti

1293 2481 1344 2516 33
