2196 2927
420 207 505 245 270
1162 205 1306 229 -...--..,““·

415 305 556 347 uitalis
585 316 745 345 tumore
775 293 849 360 per
877 305 1014 361 plures
1045 304 1133 346 dies
1164 304 1418 346 cohaerente
1449 318 1541 345 cum
1571 303 1738 345 femina.
1796 307 1949 347 Matres
1987 322 2082 349 cum

414 380 561 421 catulis
590 380 634 420 in
664 380 798 435 glacie
830 380 1073 436 praesertim
1102 383 1268 422 cubant.
1340 382 1610 422 Descendunt
1638 380 1765 420 rarius
1792 396 1866 436 per
1896 382 2082 438 Beringii

410 456 562 495 fretum
604 471 730 511 usque
773 457 825 496 ad
867 456 1016 496 ostium
1062 456 1180 497 fluvii
1231 458 1405 511 Anadyr
1449 467 1491 496 et
1532 456 1862 512 promontorium
1906 458 2079 511 Caraga,

410 531 484 570 sed
512 531 720 572 rarissimo
749 532 944 587 exemplo
974 547 1101 586 usque
1132 533 1182 572 ad
1214 531 1530 573 Canitschatcae
1561 531 1703 572 littora
1733 546 1872 571 versus
1903 543 2082 573 austrum

408 608 652 662 procedunt.
711 609 840 663 Supra
868 607 1198 662 promontorium
1228 607 1448 647 Americae
1474 608 1653 647 Alaeska
1691 607 1849 646 insulae
1880 609 2083 662 quaedam

409 697 431 722 a
461 682 650 722 Rosmari
680 682 916 737 frequentia
953 684 1201 736 Morshewyl
1236 682 1566 737 cognominatae.
1638 686 1685 721 In
1729 682 1885 722 siccum
1929 681 2084 722 exituri

407 757 649 812 praesertim
681 757 873 797 dentibus
904 756 1078 796 exsertis
1109 773 1254 812 corpus
1284 769 1550 813 promovent,
1595 772 1676 812 quo
1725 773 1808 798 non
1851 773 1942 797 raro
1981 758 2083 798 fran—
2114 746 2118 755 ¹

407 843 575 886 guntur,
621 832 799 886 ideoque
843 831 996 886 passim
1039 831 1083 870 in
1126 832 1336 872 littoribus
1380 848 1401 871 a
1438 835 1638 872 Rosmaro
1668 832 1938 887 frequentatis
1968 832 2083 872 colli-

408 917 570 960 guntur.
629 908 696 947 Ob
727 906 991 946 durissimum
1020 906 1179 946 corium
1222 906 1351 946 hastis
1391 908 1649 962 configuntur
1686 907 1959 956 difficillime,
2008 922 2084 947 nec

405 981 487 1020 nisi
530 997 656 1035 quum
699 997 844 1037 corpus
887 981 1152 1037 protrahunt,
1202 981 1449 1022 cubantibus
1492 981 1563 1020 vix
1607 982 1857 1021 vulnerabili
1899 997 2084 1036 corpore.

409 1058 455 1094 In
487 1057 590 1096 mari
627 1073 709 1097 non
749 1057 836 1096 sine
879 1057 1067 1112 periculo
1109 1068 1416 1112 oppugnantur,
1457 1056 1613 1112 quippe
1656 1056 1850 1097 ferociter
1892 1057 2085 1096 dentibus

409 1131 577 1185 navigia
609 1132 863 1172 adoriuntur.
929 1132 1052 1172 Coria
1089 1131 1391 1172 Tschuktschis
1430 1133 1480 1172 ad
1518 1130 1710 1186 scaphas,
1755 1147 1897 1172 carnes
1942 1131 1986 1171 in
2030 1131 2086 1171 ci—

408 1207 507 1245 bum
546 1207 819 1256 adhibentur,
859 1209 930 1246 sed
968 1207 1162 1247 dicuntur
1198 1222 1285 1247 esse
1329 1208 1454 1246 durae
1485 1218 1525 1246 et
1568 1206 1890 1246 coerulescentis
1933 1206 2084 1246 coloris

406 1282 533 1336 adeps
571 1297 669 1322 vero
715 1282 987 1336 sapidissima.
1061 1285 1107 1321 In
1146 1280 1388 1321 ventriculis
1435 1282 1627 1322 dicuntur
1666 1280 1847 1320 inveniri
1891 1281 2083 1331 limaces,

406 1370 508 1410 quos
540 1357 660 1397 avide
703 1359 928 1396 comedunt
974 1356 1271 1397 Tschuktschi.
1342 1357 1567 1412 Praecipua
1604 1372 1659 1396 ex
1702 1356 1753 1395 iis
1795 1357 1947 1411 praeda
1991 1366 2084 1396 sunt

408 1432 543 1471 dentes
574 1432 750 1478 exserti,
779 1434 904 1472 ebore
936 1431 1142 1479 duriores,
1181 1431 1290 1471 intus
1328 1431 1493 1486 punctis
1531 1430 1830 1486 subpellucidis
1871 1431 2080 1479 variolosi,

407 1520 430 1545 e
459 1506 606 1560 quibus
636 1522 761 1561 opera
791 1506 1004 1547 tornatilia
1034 1506 1167 1553 varia;
1200 1505 1374 1545 maximi
1398 1508 1582 1562 pondere
1607 1505 1757 1560 viginti
1780 1506 1979 1546 librarum
2002 1506 2081 1545 sin-

406 1581 507 1635 guli.
567 1582 751 1621 Medulla
782 1582 855 1621 illa
884 1581 1088 1622 variolosa
1118 1581 1288 1621 Rossice
1319 1583 1471 1622 Shedra
1501 1592 1689 1630 vocatur,
1730 1582 1801 1620 sed
1831 1584 1961 1631 major
1989 1596 2081 1636 pars

405 1655 712 1711 pulcherrimae
743 1658 962 1697 albedinis·
1022 1657 1146 1699 Coria
1173 1671 1247 1711 pro
1269 1655 1367 1695 loris
1391 1656 1690 1705 curriculariis,
1723 1658 1866 1696 dentes
1891 1671 1965 1710 pro
1988 1657 2083 1695 ebo-

408 1745 450 1770 re
480 1733 726 1772 venduntur.
798 1732 971 1772 Coraeci
1007 1747 1031 1771 e
1075 1731 1174 1771 loris
1214 1732 1317 1770 retia
1358 1731 1583 1770 conficiunt
1624 1731 1809 1770 balacnis
1852 1729 2079 1784 capiendis,

409 1805 467 1844 Os
497 1805 633 1860 priapi
664 1806 803 1845 Rossis
833 1822 967 1845 rasum
996 1821 1070 1860 pro
1101 1804 1288 1844 remedio
1319 1804 1551 1844 domestico
1582 1806 1633 1844 ad
1663 1804 1954 1858 stranguriam,
1994 1803 2079 1844 imo

411 1879 462 1918 ad
493 1879 828 1927 Gonorrhoeam3
869 1881 918 1920 ad
950 1880 1162 1919 acunenda
1190 1879 1275 1918 tela
1314 1877 1503 1919 Correcis
1542 1890 1583 1918 et
1619 1878 1921 1918 Tscliuktschis
1957 1878 2080 1918 usita-

408 1964 518 2000 tum,
548 1970 651 2008 quae
680 1955 914 2010 periculose
946 1956 1181 2002 vulnerant,
1218 1955 1318 1994 dum
1347 1968 1510 1994 osseum
1539 1969 1713 1994 acumen
1749 1954 1792 1994 in
1823 1954 1994 1994 vulnere
2023 1955 2078 1994 fa-

408 2028 489 2070 cile
521 2029 788 2085 diffringitur.

543 2106 676 2146 Nota
714 2124 744 2147 1.
804 2110 851 2146 In
882 2109 1101 2157 Rosmaro,
1135 2121 1258 2162 quem
1289 2105 1376 2146 vidi
1408 2117 1448 2146 et
1480 2109 1592 2160 cujus
1621 2105 1787 2145 iconem
1820 2106 1947 2144 addo:
1987 2102 2080 2144 den-¹

410 2191 467 2221 tes
496 2181 656 2221 eburnei
686 2182 937 2232 mediocres,
969 2189 1161 2238 primores
1188 2182 1313 2231 nulli,
1352 2186 1524 2222 molares
1553 2181 1690 2221 obtusi
1720 2180 1855 2236 parvi,
1899 2179 1943 2219 in
1971 2179 2075 2219 infe-

410 2256 518 2296 ri‘ore
549 2257 722 2296 maxilla
753 2257 944 2311 utrinque
973 2270 1169 2312 quatuor,
1198 2258 1241 2298 in
1273 2256 1483 2312 superiore
1513 2267 1616 2303 tres,
1658 2272 1751 2295 cum
1782 2270 1908 2310 parvo
1937 2265 2074 2292 tamen

410 2328 453 2368 in
481 2330 649 2371 sinistro
680 2332 811 2371 latere
841 2332 1081 2373 accessorio.
1139 2334 1264 2373 Pedes
1293 2334 1459 2380 breves,
1496 2345 1640 2370 omnes
1670 2327 1974 2385 pentadactyli,
2014 2326 2074 2365 di-

414 2402 511 2457 gitis
542 2408 655 2445 corio
685 2407 892 2459 connatis,
930 2413 1053 2449 antici
1083 2406 1241 2449 extimo
1278 2408 1377 2448 lobo
1414 2405 1621 2460 longiore,
1659 2408 1802 2460 postici
1837 2412 1948 2442 retro
1983 2416 2074 2455 pro·
