2196 2927
427 189 516 229 430
1188 188 1331 213 a

427 285 744 327 rheumatismos
787 287 855 327 vel
898 286 1085 327 dentium
1121 289 1284 329 dolores
1313 286 1532 343 pellendos
1562 284 1726 326 afflictis
1756 287 1938 342 partibus
1972 288 2100 344 appli-

427 373 521 401 cant
566 363 631 401 vel
676 378 770 402 cum
813 347 1030 404 saccharo⁴
1058 359 1198 415 prunis
1243 360 1463 416 imponunt
1507 373 1548 401 et
1592 363 1777 402 membra
1820 364 2099 418 suffumigant.

426 438 702 477 Observatum
733 450 815 486 est,
856 438 1107 479 Pendulinos
1150 435 1294 475 nidum
1338 437 1582 491 praesertim
1612 437 1779 476 ramulis
1811 452 1938 492 aquae
1970 454 2102 492 super—

425 513 703 567 pendentibus
732 514 988 569 implectere.
1048 514 1183 554 Ovula
1214 512 1338 566 vulgo
1370 519 1406 554 5.
1438 512 1505 552 vel
1529 519 1565 553 G.
1589 511 1633 552 in
1659 512 1821 567 singulo
1850 512 1971 562 nido,
2001 512 2099 567 pha-

425 587 528 628 seoli
558 588 731 630 minoris
762 591 892 639 mole,
926 589 1149 630 albissima.

559 665 730 705 Descr.
788 666 1032 719 Magnitudo
1076 664 1247 719 Reguli3
1293 665 1448 718 pondus
1484 664 1606 704 maris
1639 682 1658 704 2
1690 663 1857 704 circiter
1887 662 2099 704 drachma-

422 755 511 780 rum
542 754 637 779 cum
664 741 868 795 scrupulo.
941 742 1129 780 Rostrum
1171 739 1432 787 corneolum,
1479 750 1623 779 exacte
1655 740 1910 787 subillatum,
1955 753 2103 778 conve-

420 830 538 864 xum,
583 814 769 869 apicibus
800 814 1027 869 aequaliter
1056 815 1100 854 in
1131 828 1304 854 acumen
1335 814 1598 863 decrescens,
1641 814 1936 854 acutissimum.
2011 815 2101 854 Plu-

424 906 513 930 mae
543 904 658 930 nares
689 891 932 944 obtegentes
961 890 1119 945 largae,
1161 900 1285 928 atrae.
1353 889 1478 928 Frons
1508 899 1611 937 atra,
1657 904 1749 928 cum
1781 889 1975 928 continua
2006 905 2101 929 arca

421 965 553 1006 oculis
591 964 836 1020 auribusque
876 966 927 1004 ad
962 976 1150 1020 tempora
1194 977 1322 1017 usque
1362 963 1621 1003 circumfusa.
1695 965 1842 1003 Vertex
1884 975 2103 1010 testaceus,

418 1054 558 1079 versus
597 1039 777 1079 nucham
817 1041 911 1080 albo
956 1040 1156 1095 nigroque
1200 1037 1446 1093 variegatus.
1520 1040 1668 1079 Cer-vix
1700 1050 1740 1078 et
1772 1039 1927 1078 collum
1958 1055 1979 1078 a
2008 1039 2103 1093 gula

418 1115 578 1164 album,
611 1115 678 1153 vel
708 1115 913 1169 pallidum
944 1117 1016 1155 sed
1046 1120 1168 1156 litura
1199 1129 1347 1168 magna
1371 1113 1603 1169 Fet-ruginea
1630 1113 1825 1168 utrinque
1848 1114 1977 1153 latera
2003 1113 2104 1154 colli

418 1201 611 1244 occupat.
681 1192 1015 1245 Interscapulium
1054 1189 1227 1230 dilutius
1256 1189 1549 1244 ferrugineum.
1618 1191 1811 1243 Jugulum
1852 1188 2102 1242 ferrugineo·

419 1264 683 1313 nebulosum,
728 1280 750 1303 a
779 1266 1013 1319 plumarum
1043 1265 1208 1305 basibus
1246 1279 1295 1303 eo
1341 1264 1479 1304 colore
1522 1264 1715 1311 imbutis;
1760 1262 1922 1317 reliqua
1964 1264 2105 1304 subtus

418 1338 581 1378 avicula
624 1339 739 1387 alba,
785 1339 995 1379 levissima
1032 1340 1142 1380 circa
1171 1350 1316 1394 pectus
1348 1340 1579 1379 rufescente
1623 1339 1802 1378 tinctura
1849 1339 1900 1377 ad
1942 1337 2102 1378 radices

417 1414 668 1468 plumarum.
740 1414 913 1454 Αἶαν-ατη
959 1417 1076 1455 bases
1119 1415 1259 1453 subtus
1302 1413 1440 1462 albae,
1486 1429 1605 1468 supra
1647 1412 2099 1467 gryseo-ferrugineae.

421 1489 620 1530 Tectrices
649 1489 916 1528 secundariae
956 1489 1137 1529 exterius
1168 1488 1463 1528 saturatissime
1495 1489 1992 1544 ferrugineo-testaceae,
2022 1501 2099 1528 ter-

416 1563 564 1604 minali
594 1563 779 1618 margine
808 1563 965 1619 pallide
996 1563 1387 1618 ferruginescentes;
1432 1566 1503 1604 sed
1533 1564 1754 1620 primariae
1785 1577 1968 1617 gryseae.
2026 1565 2099 1604 Re-

418 1643 545 1693 miges
573 1639 824 1694 nigricantes
855 1639 1040 1695 margine
1064 1639 1249 1694 undique
1275 1640 1412 1688 albae,
1443 1639 1618 1680 intimae
1641 1639 1777 1679 latius.
1840 1638 2099 1693 Uropygium

418 1714 636 1770 pallidum.
709 1717 855 1757 cauda
896 1715 1176 1770 longiuscula,
1218 1715 1451 1755 rectricibus
1495 1715 1643 1755 mediis
1673 1714 1796 1769 paulo
1825 1712 2096 1762 brevioribus,

418 1803 561 1830 omnes
592 1791 777 1844 margine
808 1802 897 1831 toto
930 1790 1048 1831 albis.
1119 1793 1263 1829 Genua
1307 1789 1542 1842 ferrugineo
1577 1790 1784 1828 annulata.
1855 1788 1980 1827 Pedes
2010 1802 2100 1842 pro-

413 1863 610 1917 portione
653 1864 838 1904 aviculae
883 1864 1126 1918 majusculi,
1171 1862 1358 1911 robusti,
1404 1863 1603 1916 unguibus
1646 1862 1878 1902 fortissimis
1920 1862 2096 1911 falcatis,

419 1939 939 1992 compresso-latiusculis,
982 1953 1110 1993 usque
1149 1939 1200 1978 ad
1229 1936 1391 1992 apicem
1422 1937 1558 1977 subito
1588 1948 1765 1977 acutum.
1836 1939 2026 1976 Mensura
2054 1936 2099 1976 in

420 2012 562 2053 adulto
604 2013 731 2053 totius
764 2015 822 2053 2²².
854 2014 924 2063 lim.
953 2015 1108 2054 caudae
1146 2015 1197 2053 1⁰.
1231 2013 1316 2056 83st
1360 2012 1481 2052 ulnae
1527 2013 1680 2051 alarum
1722 2013 1779 2052 2''.
1825 2027 2098 2067 expansarum

412 2090 475 2128 δ”.
504 2093 576 2128 6’”.
607 2088 728 2129 rostri
757 2089 827 2138 [β’.
858 2088 1054 2128 tibiarum
1086 2090 1171 2132 δέ’.
1203 2088 1327 2143 digiti
1356 2087 1487 2128 medii
1526 2102 1619 2127 cum
1667 2089 1792 2140 (25⁰.)
1838 2101 1972 2141 ungue
2003 2094 2026 2128 6
2037 2087 2096 2126 “²¹2

420 2163 571 2218 postici
602 2179 696 2204 cum
727 2164 831 2215 (ὂψ.)
866 2179 1000 2219 ungue
1034 2169 1118 2207 ΟΨ.

550 2240 685 2280 Pulli
715 2245 843 2293 primo
874 2255 997 2280 anno.-
1041 2250 1211 2280 rostrum
1253 2237 1409 2280 habent
1451 2240 1623 2287 flavum,
1682 2255 1801 2295 supra
1852 2240 2095 2279 fuscescens.

417 2314 552 2368 Caput
581 2329 675 2356 cum
704 2314 869 2355 cervice
900 2314 1162 2356 uniformiter
1199 2315 1480 2355 cinerascente
1525 2330 1694 2365 canum,
1741 2315 1828 2354 sine
1873 2312 1988 2366 nigra
2030 2310 2098 2349 vel

422 2398 603 2431 testacea
632 2389 831 2441 tinctura3
855 2394 1001 2446 gulam
1047 2391 1284 2448 collumque
1317 2392 1367 2431 ad
1396 2402 1540 2447 pectus
1570 2405 1697 2446 usque
1729 2391 1866 2430 album
1877 2406 1887 2437 3
1930 2387 2094 2426 dorsum
