2196 2927
1103 187 1247 201 —n

1105 204 1247 212 ——m

341 196 401 228 20

562 291 670 333 Felis
699 286 922 336 venatoria,
952 287 1072 327 Penn.
1103 287 1195 325 hist.
1224 283 1366 341 quadr.
1397 299 1436 339 p.
1468 290 1558 333 264.
1590 283 1673 325 tab.
1704 290 1768 326 30.
1787 287 1872 340 fig.
1908 303 1939 326 1.

478 394 606 437 Persis
635 393 797 433 Palenh.
882 387 1080 430 Bochmis
1107 390 1266 429 Palam.
1361 386 1596 429 Calmuccis
1627 387 1913 442 Tschagunda.

473 498 540 536 Ad
570 495 685 536 littus
714 494 915 536 orientale
952 491 1076 532 maris
1106 491 1248 546 Caspii
1285 501 1326 531 et
1353 490 1398 530 in
1430 487 1582 530 deserti
1613 489 1885 545 Kirgisiorum
1923 507 2007 533 me·

340 571 611 613 ridionalibus
642 570 795 626 passim
824 571 954 609 datur.
1012 567 1171 607 Pellem
1202 582 1223 606 a
1252 564 1553 606 Turcomannis
1575 576 1789 621 acceptam
1812 566 1913 607 olim
1936 568 2006 608 ob-

344 647 440 687 tulit
470 649 749 687 Excellentiss.
779 646 874 686 Car.
901 644 945 683 H
952 643 1035 684 abl
1045 646 1112 684 izl
1120 671 1133 690 ,
1171 656 1274 697 quae
1305 651 1519 682 auctorum
1553 640 1902 696 descriptionibus
1939 657 2006 683 ex-

337 733 431 762 acte
460 722 724 776 congruebat.

467 830 579 868 Not.
639 829 762 868 Color
788 827 833 867 in
867 828 988 868 dorso
1017 826 1338 867 subfulvescens.
1405 825 1518 864 Pizus
1546 822 1699 878 ubique
1731 823 1882 873 brevis,
1915 823 2004 864 stri-

333 914 433 952 ctus,
465 902 736 943 duriusculos.
785 904 939 943 Puncta
967 901 1083 955 nigra
1112 900 1266 955 ubique
1294 897 1492 940 solitaria.
1531 899 1706 939 Cervicis
1745 903 1868 939 crista
1897 913 1919 939 e
1942 899 2003 954 pi-

333 977 384 1017 lis
423 977 692 1032 longioribus.
777 977 1023 1031 Magnitudo
1057 975 1165 1015 inter
1204 978 1387 1028 Lyncem
1431 984 1472 1013 et
1515 975 1560 1012 F.
1610 973 1780 1022 Manul,
1835 974 2004 1028 propior

332 1051 478 1106 Lynci.
537 1053 684 1093 Cauda
712 1051 948 1100 mediocris,
979 1061 1023 1089 ut
1049 1049 1094 1089 in
1127 1049 1268 1088 altera.

676 1207 720 1249 5.
810 1204 1043 1248 FELIS
1096 1201 1332 1246 Manul.
1421 1199 1579 1244 TAB.
1627 1200 1661 1242 Ι.

470 1323 515 1362 F.
545 1324 674 1363 cauda
704 1323 895 1378 elongata
937 1323 1140 1372 annulata,
1171 1336 1340 1377 corpore
1371 1336 1423 1361 ex
1440 1320 1858 1372 ammo-flavescente,
1904 1334 2003 1376 pun-

331 1395 408 1437 ctis
439 1397 610 1437 verticis
639 1397 857 1453 strigisque
887 1397 1085 1454 paroticis
1113 1396 1253 1452 nigris.

550 1499 661 1540 Felis
692 1501 849 1542 Manul.
906 1503 1011 1543 Pall.
1040 1506 1127 1542 itin.
1163 1503 1238 1540 ΙΙΙ.
1267 1517 1361 1557 app.
1392 1517 1433 1556 p·
1466 1506 1557 1551 692.
1588 1515 1625 1540 n.
1658 1517 1694 1540 2.
1745 1501 1840 1539 Act.
1868 1500 2001 1540 Petro-

602 1579 683 1630 pol.
715 1585 810 1615 tom.
843 1577 891 1615 V.
920 1593 959 1631 p.
997 1595 1028 1616 1.
1086 1576 1287 1616 Schreber.
1318 1591 1439 1616 mam.
1467 1577 1545 1614 III·
1575 1591 1614 1629 p.
1640 1581 1732 1625 406.
1769 1575 2002 1614 Zimmerm.

600 1649 718 1689 Zool.
744 1664 889 1702 geogr·
927 1665 966 1703 p.
996 1657 1088 1700 667.

463 1747 603 1787 Rossis
632 1748 676 1787 in
706 1748 857 1788 Sibiria
884 1750 1075 1805 Stepnaja
1102 1751 1289 1789 Koschka
1318 1749 1456 1802 (Felis
1486 1750 1767 1804 desertorum)
1810 1750 1877 1791 vel
1918 1751 1998 1791 Κα-

522 1825 704 1878 mennajcz
733 1824 921 1862 Koschka
952 1823 1089 1874 (Felis
1119 1823 1354 1878 rupestris.)

467 1895 836 1949 Kirgiso-Tataris
864 1898 1020 1938 Manul.
1160 1896 1398 1937 Baschkiris
1427 1900 1576 1939 Jalzzm.

468 1970 678 2024 Mongolis
706 1972 861 2012 Manol.
1162 1970 1361 2012 Bocharis
1389 1974 1558 2013 Μαίέιη.

462 2074 509 2110 In
539 2072 792 2126 rupestribus
822 2074 972 2129 apricis
1000 2074 1190 2116 Tatariae
1221 2075 1542 2131 Mongoliaeque
1580 2079 1764 2117 desertae
1802 2090 1843 2118 et
1884 2078 1992 2119 intra

328 2148 427 2187 fines
457 2145 627 2201 Imperii
660 2147 769 2187 circa
812 2149 1003 2189 australia
1043 2150 1254 2191 Uralensis
1293 2150 1379 2205 jugi
1429 2151 1736 2206 promontoria,
1780 2152 1993 2193 Altaicum

328 2224 468 2274 jugum
494 2232 536 2260 et
564 2221 607 2261 in
638 2221 805 2276 regione
834 2224 1208 2265 trans-haicalensi
1238 2224 1336 2265 satis
1377 2226 1567 2280 frequens
1609 2227 1792 2282 species,
1836 2241 1991 2282 perque

328 2309 495 2335 omnem
523 2297 703 2336 mediam
731 2296 876 2337 Asiam
913 2297 1075 2338 diffusa.
1147 2302 1194 2337 In
1236 2301 1357 2340 valde
1398 2301 1751 2355 septemtrionalia
1798 2316 1904 2350 non,
1948 2311 1992 2340 ut

328 2371 500 2424 Lynces,
531 2383 736 2426 evagatur.
795 2375 844 2412 In
873 2372 999 2414 antris
1027 2383 1070 2414 et
1097 2374 1347 2429 rupestribus
1383 2375 1558 2430 spelaeis
1586 2376 1733 2417 latitat.
1777 2375 1988 2426 Iracunda,
