2196 2927
1110 232 1254 239 -...——.

352 226 408 264 92

466 322 618 366 Curilis
652 318 878 360 Tannericm
906 317 975 358 vel
1003 316 1300 357 Dahn-Armu
1332 313 1379 367 (i.
1410 329 1448 354 e.
1482 315 1575 353 Mus
1607 311 1787 366 longus).

466 410 709 466 Georgianis
738 410 935 450 Karkumi
965 407 1056 461 (ubi
1084 419 1224 448 tamen
1255 406 1409 447 anima]
1439 407 1582 446 deesse
1612 404 1883 458 Gz‘c‘ldenst.)

490 515 591 554 Visu
621 512 996 568 elegantissimum,
1029 513 1100 552 sed
1126 512 1254 551 odore
1284 511 1453 551 foedum
1482 509 1565 549 hoc
1595 507 1892 548 animalculum
1921 509 2034 550 vide-

359 605 422 632 tur
450 606 523 646 per
552 593 760 644 Europam
791 603 873 628 non
902 589 1047 636 modo,
1080 588 1151 626 sed
1181 602 1255 642 per
1284 601 1452 626 omnem
1481 585 1645 633 Asiam,
1685 585 1734 623 ab
1765 595 1905 624 arctoo
1936 584 2034 627 inde

358 669 526 708 Oceano
556 679 683 720 usque
714 665 765 703 ad
796 664 941 710 Indos,
984 661 1167 718 speciem
1208 676 1469 717 propagasse.
1541 663 1680 715 Ipsum
1723 660 1837 700 enim
1878 662 2036 705 Sabae

359 741 590 798 specimen,
622 754 673 779 ex
705 738 823 778 India
855 739 1060 787 adlatum,
1098 736 1184 777 vidi
1217 738 1427 791 quondam
1456 735 1785 775 Amstelaedami
1814 736 1859 776 in
1889 741 2036 780 Museo

357 817 482 857 amici
520 813 759 855 mercatoris
801 815 847 854 C.
877 814 922 853 P.
953 814 1126 866 Meyer
1168 823 1208 852 et
1246 827 1330 852 non
1360 811 1479 866 potui
1517 825 1600 850 non
1630 826 1706 865 pro
1736 811 1936 852 varietate
1966 818 2035 854 Er·

358 891 489 932 minei
519 905 738 944 agnoscere
770 893 841 942 (²².)
885 892 983 928 Non
1013 889 1147 928 solum
1190 898 1327 927 autem
1369 886 1413 926 in
1457 884 1795 926 Camtschatcam
1836 891 2039 943 processit

358 967 462 1007 haec
505 965 683 1020 species,
728 965 800 1004 sed
829 963 957 1003 etiam
992 962 1037 1002 in
1066 962 1305 1002 American]
1351 959 1649 1009 transfretavit,
1694 961 1910 1016 pellesque
1951 968 2038 1019 ejus

357 1041 466 1082 mihi
494 1055 547 1080 ex
576 1039 710 1080 insula
738 1040 901 1079 Kadiak
930 1038 1069 1078 vicina
1099 1036 1389 1077 Promontorio
1418 1034 1639 1075 Americae
1669 1036 1870 1084 Alaeska‚
1907 1037 2038 1082 immo

358 1132 410 1156 ex
439 1115 529 1171 ipsa
550 1114 755 1154 ‹America
788 1115 950 1154 adlatae
984 1125 1097 1163 sunt,
1140 1112 1243 1153 licet
1272 1111 1315 1151 in
1345 1109 1552 1150 Aleuticis
1599 1120 1641 1149 et
1669 1110 1865 1166 Vulpinis
1894 1112 2040 1156 insulis

358 1190 620 1248 propioribus
650 1189 781 1238 desit,
826 1201 869 1229 ut
899 1204 973 1244 per
1003 1187 1190 1242 Beringii
1228 1188 1380 1226 fretum
1408 1185 1452 1225 in
1482 1184 1726 1225 Americam
1754 1187 1964 1229 transiisse
1993 1190 2038 1231 in

358 1265 577 1322 propatulo
630 1264 696 1303 sit.
774 1267 926 1303 Earum
975 1262 1085 1302 inter
1135 1260 1352 1300 Americes
1395 1258 1591 1298 animalia
1632 1274 1798 1314 quoque
1848 1264 2041 1305 meminit

363 1343 678 1381 Charlevoiac
708 1340 800 1378 hist.
830 1338 878 1377 de
907 1341 950 1377 la
979 1352 1096 1377 nouv.
1126 1337 1279 1376 France
1317 1337 1398 1374 vol.
1428 1335 1505 1372 ΙΙΙ.
1549 1350 1588 1388 p.
1627 1341 1713 1384 134.
1784 1337 1948 1378 Statura
1977 1340 2040 1381 ibi

360 1416 484 1471 paulo
514 1413 673 1454 minore
711 1424 816 1452 sunt.
887 1411 955 1452 Sic
992 1422 1036 1451 et
1063 1411 1107 1451 in
1137 1409 1345 1451 Dauuriae
1376 1407 1630 1448 densissimis
1661 1410 1789 1464 sylvis
1819 1425 2039 1456 occurrunt

362 1489 613 1545 spithamam
642 1487 714 1528 vix
745 1488 1008 1527 excedentes.
1082 1487 1236 1527 Contra
1274 1484 1318 1524 in
1361 1482 1519 1538 campis
1562 1484 1734 1525 Rossiae
1777 1497 1819 1526 et
1860 1488 2039 1531 Sibiriae

364 1564 588 1613 citerioris,
622 1564 673 1602 ad
704 1563 844 1602 Obum
871 1576 1021 1615 usque,
1066 1561 1336 1613 majusculae,
1380 1569 1542 1614 septem
1582 1559 1652 1598 vel
1690 1571 1787 1600 octo
1825 1562 2039 1606 unciarum

362 1640 566 1695 pondere,
599 1635 835 1677 Sinensium
865 1634 1164 1675 mercatoribus
1193 1633 1438 1690 praesertim
1467 1645 1684 1689 acceptae,
1717 1646 1759 1675 et
1782 1637 1834 1676 ad
1848 1639 2041 1693 Kovyma

362 1717 402 1756 ss.
434 1714 641 1755 maximae
671 1722 936 1767 generantur,
966 1722 1012 1750 ut
1039 1721 1082 1751 et
1110 1725 1214 1766 quae
1244 1725 1318 1766 per
1345 1707 1727 1750 Tschuktschicam
1769 1722 1937 1765 gentem
1966 1730 2040 1755 ex-

364 1787 595 1846 aquilonari
624 1799 740 1843 parte
769 1786 990 1826 Aniericae
1022 1787 1273 1826 adferuntur.
1332 1787 1371 1825 V
1369 1789 1475 1825 ariae
1504 1783 1633 1824 etiam
1675 1785 1834 1827 aestivo
1878 1789 2038 1839 colore;

364 1865 410 1905 in
440 1862 747 1904 australioribus
776 1874 819 1903 et
843 1861 1087 1919 temperatis
1117 1877 1139 1902 e
1169 1863 1288 1902 furvo
1319 1859 1449 1915 magis
1479 1860 1753 1910 rufescentes,
1793 1860 1836 1901 in
1867 1864 2041 1906 boreali-

437 2007 491 2052 (³⁸)
519 2010 702 2050 Specimen
730 2007 820 2039 illud
849 2017 929 2040 cum
955 2009 1123 2040 Ermineo
1149 2011 1235 2039 tunc
1262 2005 1421 2047 contuli,
1463 2008 1501 2037 et
1539 2003 1676 2037 formae
1722 2004 1858 2037 nullam
1897 2011 2040 2042 omnino

511 2068 758 2101 diversitatem
785 2068 1017 2111 deprehendi.
1071 2066 1185 2101 Colore
1208 2067 1324 2099 dilute
1349 2066 1451 2107 rufo,
1478 2063 1589 2108 paulo
1610 2065 1655 2097 ab
1678 2068 1824 2098 aestivis
1851 2072 2040 2111 europaeis

512 2128 654 2160 diverso
693 2133 794 2170 erat,
835 2129 959 2160 subtus
987 2130 1129 2170 album,
1169 2132 1209 2160 ut
1241 2131 1279 2159 et
1307 2126 1417 2169 pedes
1445 2128 1594 2157 interius
1621 2129 1660 2158 et
1685 2126 1882 2168 digitorum
1909 2132 2038 2171 apices.

518 2186 621 2220 Arcus
647 2189 831 2220 obsoletus
857 2189 959 2220 albus
987 2192 1080 2221 inter
1107 2189 1230 2221 oculos
1265 2191 1503 2220 transversus.
1557 2184 1686 2219 Caudzce
1721 2196 1814 2230 apex
1849 2199 1867 2219 e
1894 2188 2041 2231 ferrugi-

514 2258 581 2279 neo
597 2267 610 2273 -
625 2252 708 2282 ater.
747 2250 899 2290 Majores
926 2253 1104 2281 nostrates
1131 2249 1321 2291 aequabat.
1378 2245 1501 2280 Valen
1511 2254 1576 2288 tyn
1604 2247 1626 2279 l.
1650 2257 1680 2280 c,
1702 2247 1860 2290 prodidit
1882 2251 1917 2280 in
1942 2260 2041 2280 mon-

514 2308 608 2338 tibus
635 2307 831 2338 insularum
858 2310 945 2339 Java
974 2312 1012 2339 et
1039 2311 1177 2340 Borneo
1211 2309 1397 2351 vulgarem
1436 2318 1532 2347 esse3
1571 2310 1726 2340 cicurari
1766 2308 1810 2340 ad
1849 2309 2042 2350 capiendos

518 2366 624 2407 glires
650 2371 688 2399 et
716 2370 953 2409 pugnaturam
980 2377 1062 2399 cum
1089 2368 1314 2410 serpentibus
1341 2378 1471 2410 corpus
1506 2368 1643 2402 inflare.
1696 2370 1827 2400 Forsan
1854 2370 2041 2401 Viverram

517 2427 647 2468 Mungo
673 2427 799 2460 voluit.
