2196 2927
864 209 1009 224 ““““““““
1719 209 1776 252 89

104 312 271 354 Dicitur
312 312 476 354 callidis
518 311 759 367 ambagibus
800 324 992 364 arrepens
1033 310 1259 351 Tetraones
1300 326 1464 367 quoque
1509 327 1677 368 capere,
1734 324 1776 354 et

104 388 214 430 circa
244 405 368 445 aquas
395 388 524 430 etiam
559 387 741 443 piscibus
781 384 966 431 inhiare3
1012 396 1121 424 amat
1163 385 1276 425 enim
1317 387 1471 441 pisces,
1515 389 1624 429 unde
1664 388 1777 430 circa

103 465 347 519 piscatorias
376 464 560 505 officinas
590 463 641 502 ad
670 475 781 501 mare
813 458 1010 514 Caspium
1040 471 1082 500 et
1104 459 1360 501 Maeoticum
1388 462 1623 517 frequenter
1645 479 1776 504 versa-

104 551 181 578 tur.
253 541 497 593 Plerumque
539 536 723 577 muribus
766 534 1063 590 campestribus
1106 547 1148 575 et
1190 535 1445 577 avicularum
1486 539 1612 592 pullis
1654 539 1775 579 vivit.

106 614 217 655 Parit
245 629 360 660 vere,
390 627 512 667 saepe
544 613 595 652 ad
625 611 787 667 quinos.
859 610 1090 665 Capiuntur
1119 610 1346 666 decipulis,
1389 622 1431 651 et
1461 612 1619 652 effossis
1650 613 1775 654 antris

102 705 176 746 per
199 703 332 730 canes.
390 688 524 728 Pelles
555 686 631 727 vili
662 689 915 736 venduntur,
943 701 1024 727 nec
1050 696 1189 729 tamen
1213 687 1264 727 ad
1288 685 1496 741 hybernas
1522 699 1654 729 vestes
1671 704 1778 745 sper-

102 767 274 806 nendae.

209 915 356 955 Nota.
414 916 585 954 Aestate
615 924 815 954 nostrates
846 912 975 966 magis
1005 913 1231 952 flavescunt
1260 923 1301 952 et
1330 912 1538 953 crebriore
1554 911 1673 967 nigro
1687 912 1777 968 pilo

103 989 417 1038 obumbrantur,
449 1000 494 1028 ut
523 1000 616 1029 sunt
644 989 688 1029 in
720 987 1028 1029 australioribus
1058 1002 1233 1043 semper.
1290 990 1343 1028 Et
1370 986 1437 1027 his
1461 1002 1607 1044 corpus
1637 990 1778 1030 subtus

103 1062 467 1117 longitudinaliter
508 1074 654 1103 atrurn.
724 1064 947 1119 Hyemales
989 1078 1106 1113 vero,
1151 1073 1193 1102 et
1230 1061 1403 1104 Sibirici
1431 1079 1592 1113 omnes,
1637 1074 1777 1104 trunco

102 1137 225 1192 plane
255 1152 277 1177 e
306 1138 464 1194 pallido
495 1139 655 1187 albent,
688 1138 786 1193 pilis
815 1149 976 1178 tantum
1006 1137 1117 1179 dorsi
1146 1138 1403 1193 longioribus
1432 1138 1776 1193 nigrescentibus.

102 1213 227 1252 Pedes
255 1223 395 1253 tamen
425 1227 606 1267 semper,
637 1212 796 1267 priores
826 1228 906 1253 una
934 1227 1029 1252 cum
1057 1224 1226 1268 pectore
1251 1213 1342 1253 atri.
1399 1215 1505 1254 Gula
1530 1214 1776 1253 fulvescens.

103 1288 238 1342 Caput
266 1287 396 1342 magis
424 1288 678 1335 fuscescens,
716 1293 795 1328 oris
825 1287 986 1327 ambitu
1015 1298 1058 1327 et
1090 1288 1365 1330 auricularum
1394 1288 1579 1344 margine
1617 1287 1663 1328 in
1692 1302 1775 1329 om-

101 1361 221 1403 nibus
252 1363 361 1405 albo.
418 1364 565 1406 cauda
593 1375 782 1405 extremo
810 1362 1058 1419 nigrescens.

427 1568 516 1612 29.
607 1555 1006 1599 MUSTELA
1069 1558 1452 1598 sarmatica.

238 1686 298 1724 Μ.
336 1698 508 1740 corpore
553 1696 660 1734 atro,
704 1699 825 1740 supra
866 1684 1292 1740 brunneo·luteoque
1334 1683 1472 1735 vario,
1515 1699 1607 1736 ore,
1651 1685 1778 1726 fascia

103 1758 292 1809 frontali‚
326 1758 603 1815 auriculisque
634 1759 751 1799 albis.

319 1879 499 1919 Mustela
529 1878 765 1928 sarmatica,
798 1879 968 1919 Gmelin.
997 1888 1101 1933 syst.
1130 1880 1219 1919 Lin.
1248 1880 1282 1918 I.
1314 1894 1352 1933 p.
1370 1895 1434 1931 97.
1464 1892 1524 1933 sp.
1556 1885 1615 1920 15.
1643 1879 1780 1920 Schre-

374 1954 455 1994 ber.
485 1957 692 1995 mammal.
723 1956 798 1992 III.
828 1971 866 2009 p.
898 1963 991 2006 490.
1022 1955 1105 1994 tab.
1143 1961 1229 1996 132.
1267 1955 1408 1996 Pallas
1436 1958 1522 1995 itin.
1551 1956 1585 1994 I.
1616 1970 1655 2009 p.
1685 1960 1780 2005 453.

373 2030 513 2084 Spicil.
542 2030 659 2069 Zool.
689 2030 800 2068 XIV.
832 2046 870 2083 p.
901 2047 966 2082 79.
995 2030 1079 2070 tab.
1110 2039 1148 2080 4.
1175 2033 1260 2084 fig.
1298 2048 1329 2069 ι.

325 2143 503 2182 Mustela
518 2146 773 2196 Peregusna,
803 2143 1008 2183 Guldenst.
1038 2143 1142 2182 Nov.
1173 2144 1288 2182 Com.
1318 2142 1478 2196 Petrop.
1495 2143 1607 2182 XIV.
1632 2158 1671 2197 p.
1687 2151 1780 2193 44¹·

376 2217 458 2255 tab.
497 2233 555 2255 10.

217 2327 388 2369 Rossice
420 2331 712 2387 Perewjaeska;
754 2328 1006 2386 pellionibus
1036 2330 1346 2372 Perevostschik.
1404 2331 1640 2372 Malorossis
1670 2333 1782 2373 Pere-

265 2420 421 2460 gusnae
444 2416 486 2445 et
509 2407 758 2447 Peremisnih.
797 2405 976 2447 Polonis.
1015 2408 1267 2449 Przeviaska.
1307 2407 1540 2449 Calmuccis
1560 2409 1781 2449 Tschdcha.

1371 2500 1412 2523 12
