2196 2927
952 179 1098 192 ..-.-.
1791 186 1840 224 15

182 283 225 324 in
254 281 459 338 reliquum
487 291 688 320 nerveum
715 289 904 333 systema,
934 289 979 317 ut
1007 275 1306 331 experimentis
1333 292 1506 332 constat,
1529 298 1612 324 non
1635 284 1739 325 adeo
1766 285 1841 326 im-

181 358 376 408 mediate,
408 372 453 397 ae
480 355 733 397 cerebellum
761 364 803 392 et
830 352 1000 407 spinalis
1032 353 1214 392 medulla
1255 354 1360 408 agit,
1398 356 1441 396 in
1478 369 1595 400 tanto
1630 360 1773 400 volum
1792 376 1843 401 ne

181 435 373 488 figurato,
413 433 486 473 sed
519 433 631 483 cujus
668 427 1017 482 organisationem
1046 427 1230 468 sensibus
1267 430 1416 469 nostris
1452 447 1534 473 non
1580 435 1843 490 assequimur,

181 524 265 549 non
293 519 430 564 posset
459 503 672 546 continere
701 517 852 557 organa
881 502 1108 558 incognita,
1137 504 1417 559 peculiaribus
1454 509 1639 561 praedita
1678 511 1845 551 faculta-

180 583 290 623 tibus
318 596 454 622 sensus
484 578 794 628 concentrandi,
824 578 939 635 ideas
968 578 1177 620 variorum
1203 579 1394 620 ordinum
1415 581 1694 637 concipiendi,
1722 597 1763 625 et
1777 601 1847 627 vo-

179 656 348 698 luntatis
371 656 558 696 stimulos
580 653 741 709 reliquo
763 669 917 695 nerveo
940 654 1155 709 systemati
1178 655 1372 704 addendi,
1396 668 1517 711 prout
1546 658 1664 698 nervi
1687 671 1848 701 artuum

180 749 202 772 a
232 733 400 772 cerebro
428 744 500 770 suo
531 728 803 770 abscissorum
829 744 904 785 per
932 745 987 780 se,
1012 731 1238 770 accedente
1260 742 1434 772 externo
1456 731 1638 782 stimulo,
1663 734 1848 775 actiones

178 821 273 847 suae
304 804 574 846 destinationi
604 805 796 859 analogas
825 806 991 846 efficere
1025 806 1180 846 valent.
1251 806 1354 860 Quis
1383 819 1545 857 asseret,
1576 823 1698 848 omne
1737 811 1848 864 quod

177 882 222 922 in
250 883 420 922 cerebro
448 879 659 936 peragitur
688 895 776 921 esse
804 882 1003 921 effectum
1033 881 1285 922 accessoriae
1313 884 1524 936 cujusdam
1552 883 1740 924 monadis
1776 899 1848 939 po-

179 957 271 1006 tius,
288 972 413 1011 quarn
427 955 702 1010 peculiarium
716 971 963 1010 organorum
986 956 1106 997 vitali
1128 956 1371 997 actuositate
1386 957 1696 1013 praeditorum?
1725 961 1848 1000 Unde

180 1043 268 1072 orta
295 1031 340 1071 in
369 1032 597 1084 embryone
626 1030 789 1085 stupida
818 1042 915 1071 tunc
943 1031 1019 1071 illa
1046 1038 1216 1073 monas‘.2
1243 1032 1287 1072 in
1317 1044 1449 1073 morte
1479 1046 1746 1088 appararente
1777 1049 1849 1074 seu

180 1105 381 1161 asphyxia
411 1120 461 1144 an
492 1104 700 1143 avolavit?
745 1116 787 1144 et
815 1106 924 1145 unde
953 1105 1116 1146 irritato
1144 1121 1316 1161 corpore
1345 1107 1589 1150 revertitur?
1643 1110 1754 1151 laeso
1783 1123 1846 1149 ce·

177 1182 297 1221 rebro
326 1194 451 1234 quare
480 1179 664 1219 laborat?
718 1180 786 1219 vel
814 1180 1111 1220 obdormiscit?
1143 1191 1225 1219 etc.

670 1389 712 1421 i.
802 1377 1034 1420 FELIS
1091 1378 1349 1437 Tygris.

314 1515 359 1553 F.
389 1512 518 1551 cauda
547 1510 753 1566 elongata,
782 1526 954 1567 corpore
984 1511 1099 1553 fulvo
1130 1514 1270 1554 subtus
1301 1511 1416 1562 albo,
1446 1511 1618 1554 maculis
1646 1522 1845 1556 transver-

174 1584 252 1626 sim
279 1584 448 1639 virgatis
477 1585 587 1625 atris.

391 1687 502 1727 Felis
531 1685 694 1741 Tygris,
724 1689 812 1727 Lin.
840 1697 1007 1741 system.
1037 1687 1130 1727 XII,
1165 1689 1196 1726 Ι.
1228 1704 1266 1742 p.
1298 1693 1363 1729 61.
1410 1687 1599 1729 Schreber
1626 1703 1746 1730 mam.
1770 1691 1843 1730 ΙΙΙ,

473 1779 513 1818 p.
544 1768 634 1803 381.
667 1762 750 1802 tab.
779 1769 843 1813 98.

393 1869 542 1921 Tygre,
586 1869 737 1920 Buffon
777 1870 868 1907 hist.
907 1868 981 1905 IX.
1009 1882 1051 1922 p.
1100 1883 1185 1917 129.
1227 1867 1290 1908 ed.
1334 1871 1429 1907 min.
1472 1868 1624 1907 XVIII.
1670 1883 1709 1920 p.
1756 1873 1843 1908 182,

474 1942 558 1981 tab.
587 1959 625 1993 9.

391 2043 529 2100 Tiger,
560 2048 751 2088 Permane.
781 2062 872 2101 syn.
904 2063 942 2099 p.
980 2053 1064 2099 167.
1095 2059 1132 2084 n.
1171 2062 1258 2085 121.

311 2146 478 2186 Rossice
508 2149 632 2189 Babr.
930 2148 1042 2188 Indis
1070 2149 1311 2200 Bahgghae.

309 2224 345 2260 T
349 2220 470 2261 ataris
497 2223 670 2263 Julbars.
932 2222 1135 2276 Tungusis
1188 2223 1407 2278 Morerija·
1424 2221 1558 2280 bajim.

310 2296 521 2350 Mongolis
550 2299 666 2337 Barr.
926 2296 1126 2351 Tangutis
1163 2296 1282 2337 Wali.

308 2370 543 2413 Calmuccis
573 2373 832 2416 Charchulla,
933 2371 1173 2413 Sinensibus
1187 2373 1379 2421 Lon-clm,
1402 2375 1484 2426 (vel
1497 2373 1564 2416 Hu
1592 2384 1646 2416 Du.
1676 2376 1820 2425 Halde‚)
