2196 2927
660 410 1294 456 PRAETATIO.

148 706 331 802 Prodit
385 739 564 783 tandem
618 739 664 779 in
717 739 889 788 lucem,
964 751 1080 795 quae
1136 738 1215 779 diu
1270 738 1316 778 in
1371 735 1549 778 schedis
1587 736 1813 785 dormivit,

148 828 363 886 promissa
410 825 580 867 dudum
625 823 903 881 Zoograplzia
940 824 1118 880 Imperii
1155 822 1566 871 Rom-Asiatici,
1622 835 1701 878 per
1738 822 1815 862 tri-

152 914 277 972 ginta
315 925 452 953 annos
491 911 699 952 collecta.
808 907 1026 953 Continet
1080 908 1291 950 animalia
1327 908 1461 949 unius
1500 916 1690 948 octavae
1729 906 1812 947 cir-

148 999 259 1039 citer
305 996 443 1052 partis
491 995 607 1037 orbis
654 995 930 1037 habitabilis.
1045 994 1091 1035 Si
1137 994 1247 1049 quid
1295 993 1507 1034 utilitatis
1553 992 1617 1032 sic
1664 991 1813 1032 dictae

147 1082 329 1123 Faunae
369 1082 533 1121 habere
569 1089 780 1134 possunt,
817 1088 937 1120 certe
976 1093 1000 1120 a
1036 1080 1206 1121 talibus
1245 1077 1530 1133 expectanda
1568 1085 1657 1126 est,
1701 1089 1813 1132 qua·

146 1167 235 1208 lem
273 1165 349 1207 hic
388 1165 529 1215 sist03
590 1177 678 1204 non
719 1164 1022 1211 macilentam,
1079 1172 1129 1204 ut
1166 1171 1269 1203 sunt
1306 1163 1446 1210 aliae,
1504 1161 1728 1201 nominum
1766 1168 1813 1202 et

146 1263 486 1306 synonymorum
523 1249 692 1289 sceleto
729 1248 856 1289 tenui
895 1248 1001 1289 hinc
1026 1247 1131 1288 inde
1160 1245 1522 1292 observationum
1542 1254 1587 1286 et
1614 1246 1812 1300 descrip-

146 1337 319 1378 tionum
355 1335 481 1391 pelle
519 1334 788 1381 incrustato,
826 1333 905 1374 sed
943 1334 1150 1389 plenam,
1199 1331 1426 1387 copiosam
1463 1339 1508 1371 et
1534 1329 1597 1371 ita
1643 1330 1809 1371 consti-

145 1430 313 1469 tutam,
351 1429 403 1461 ut
439 1419 676 1460 universae
714 1419 960 1476 Zoologiae
997 1417 1292 1459 illustrandae
1330 1428 1411 1472 par
1449 1416 1518 1457 sit.
1614 1415 1808 1471 Propiti-

145 1519 220 1547 um
273 1503 522 1546 NUMEN
584 1505 708 1560 quod
755 1505 987 1545 scientiam
1033 1503 1301 1551 naturalem,
1364 1514 1524 1558 magno
1579 1502 1805 1555 exemplo,

146 1588 337 1630 dimissis
374 1600 453 1642 per
489 1588 810 1637 vastissimum,
859 1589 985 1637 cujus
1023 1596 1117 1627 erat
1153 1587 1317 1634 anima,
1384 1585 1621 1641 Imperium
1659 1586 1808 1625 obser-

145 1672 375 1713 vatoribus
413 1673 569 1728 augeri
606 1672 777 1720 voluit,
839 1679 908 1712 tot
944 1671 1160 1728 singuliS‚
1215 1683 1326 1725 quos
1364 1670 1478 1710 inter
1516 1678 1561 1710 et
1599 1682 1684 1726 ego
1722 1669 1806 1716 fui,

147 1756 319 1800 auxilia
366 1755 646 1811 suppeditari
690 1756 841 1808 jussit,
896 1764 947 1797 ut
988 1755 1113 1796 vitae
1159 1755 1371 1812 indignus
1419 1753 1601 1795 fuissem
1642 1754 1678 1794 si
1716 1768 1806 1795 non

147 1843 324 1884 assiduo
379 1842 531 1883 labore
577 1849 624 1882 et
668 1842 806 1883 totius
862 1841 1148 1883 contentione
1202 1840 1336 1881 animi
1390 1841 1476 1880 hoc
1523 1852 1636 1894 opus
1679 1847 1805 1881 tanta

149 1927 422 1984 protectione
462 1927 647 1985 dignum
686 1929 838 1968 sistere
858 1928 1184 1969 allaborassem.
1260 1925 1385 1966 Iussu
1406 1937 1566 1980 nempe
1604 1924 1801 1966 DIVAE

148 2011 472 2054 ROSSORUM
513 2011 944 2054 IMPERATRICIS
998 2009 1484 2053 CATHARINAE
1530 2007 1800 2051 MAGNAE

149 2098 261 2138 inter
292 2098 444 2152 plures
473 2096 621 2155 (Anno
643 2094 1044 2153 MDCCLXVHI.)
1066 2111 1145 2152 per
1167 2096 1401 2152 Imperium
1422 2095 1623 2135 dimissos
1650 2096 1799 2137 obser-

148 2191 338 2229 vat01·eS‚
376 2183 537 2237 quibus
560 2181 782 2223 Naturalis
822 2184 1002 2223 historia
1024 2183 1163 2223 omnis
1190 2181 1455 2222 illustranda
1493 2179 1801 2227 mandabatur,-

149 2267 257 2308 mihi
279 2277 458 2322 quoque
478 2281 570 2307 esse
595 2267 799 2324 contigit.
850 2267 932 2308 Per
968 2267 1291 2323 quinquenium
1314 2275 1358 2307 et
1379 2267 1494 2307 ultra
1522 2279 1601 2320 per
1629 2275 1798 2306 austra-

149 2353 279 2394 liores
323 2352 495 2394 Rossici
540 2351 718 2408 Imperii
763 2353 989 2411 regiones,
1048 2351 1223 2394 persiae
1269 2360 1315 2392 et
1359 2349 1570 2392 Tatariae
1607 2350 1797 2398 vicinas,

1262 2438 1282 2460 μς
