2196 2927
400 212 482 252 ηε
1152 216 1296 239 =

400 234 417 255 .)

395 317 507 358 enim
539 317 685 357 dubito
714 328 896 357 nostram
938 316 982 356 in
1026 315 1174 357 Suecia
1215 314 1325 362 dari,
1368 329 1462 356 cum
1504 314 1630 355 etiam
1671 314 1781 356 circa
1824 313 2062 372 Petropolin

394 409 475 433 non
505 393 624 433 absit.

685 485 723 523 7.
815 472 1119 515 STRYX
1209 471 1452 514 barbata.
1530 471 1670 514 TAB.
1720 472 1777 514 II.

529 545 568 583 S.
599 543 753 584 inauris
783 545 1072 584 submacroura
1102 542 1289 589 cinerea,
1334 553 1466 583 rostro
1503 542 1761 598 iridibusque
1793 540 1928 590 flavis,
1972 540 2064 595 gula

393 617 639 672 circulisque
671 620 785 669 atris,
817 620 974 674 remige
1004 619 1135 674 sesqui
1170 619 1296 658 altera
1325 630 1490 658 serrata.

501 694 640 734 Rossis
670 697 919 752 Kamennajh
948 697 1079 735 Soma.
1137 694 1291 734 Jacutis
1336 695 1505 734 Chakc‘m
1545 705 1587 734 et
1627 694 1908 748 Malztschirgh
1951 691 1998 743 (i.
2028 704 2065 729 e·

557 772 756 819 Sufflata.)
816 768 1148 811 Camtschadalis
1175 771 1404 822 Kykuitsch
1435 769 1570 824 (quasi
1599 769 1790 824 histrio),
1819 772 1871 810 ob
1903 766 2066 807 motita-

556 844 688 884 tiones
720 845 842 884 miras
874 844 1043 899 capitis;
1075 844 1178 883 item
1208 845 1377 884 Aatsch.

530 923 575 959 In
605 920 784 960 Sibiriae
813 919 1093 961 orientalioris
1125 919 1299 973 sylvosis
1345 918 1515 974 alpinis,
1559 919 1669 960 inter
1711 920 1913 975 rupestria
1955 933 2068 958 mon-

391 994 496 1034 tium
528 997 671 1034 rudem
702 995 829 1035 rarius
860 995 966 1035 mihi
996 996 1237 1035 occurrebat
1267 993 1509 1050 praesertim
1540 994 1649 1035 circa
1673 995 1891 1035 Jeniseam.
1950 996 2069 1034 Stel-

392 1073 496 1109 lero
527 1071 764 1125 frequenter
794 1073 843 1112 ad
881 1074 1035 1110 Lenam
1080 1070 1206 1125 inque
1252 1068 1543 1110 Camtschatca
1585 1072 1814 1111 observata.
1884 1073 2071 1110 Venatur

391 1159 526 1184 mures
556 1145 831 1201 brachyuros,
875 1146 1023 1201 quibus
1054 1145 1207 1200 hyeme
1238 1146 1432 1186 refertum
1463 1146 1754 1186 Ventriculum
1785 1145 1943 1185 inveni.
2003 1146 2069 1183 Se-

393 1221 492 1259 dens
523 1232 646 1275 caput
676 1221 779 1261 mire
811 1224 1031 1276 detorquet
1060 1220 1170 1260 etin
1198 1222 1341 1260 orbem
1365 1232 1502 1274 gyrat,
1535 1220 1888 1275 circumspiciens.
1946 1222 1984 1259 A
2008 1222 2068 1258 Ja-

391 1295 496 1334 cutis
525 1296 757 1336 comeditur
786 1309 828 1337 et
858 1296 961 1336 mire
991 1295 1145 1335 lasciva
1175 1295 1346 1344 dicitur,
1376 1306 1421 1334 ut
1450 1294 1494 1334 in
1523 1294 1790 1350 proverbium
1821 1294 1984 1334 abierit.

527 1372 700 1411 Descr.
756 1372 1038 1426 Magnitudine
1068 1370 1267 1411 inam-itas
1288 1385 1454 1418 omneS‚
1484 1382 1647 1426 praeter
1680 1373 1718 1411 S.
1744 1381 1955 1423 nycteam,
1985 1368 2071 1409 vin-

392 1444 471 1495 cit,
517 1446 653 1501 capite
699 1447 1007 1501 plumosissimo
1037 1447 1254 1486 Bubonem
1287 1457 1449 1500 aequat.
1520 1446 1677 1486 Habitu
1720 1446 1950 1485 aemulatur
1993 1446 2071 1484 Str.

392 1521 636 1560 uralensem.
694 1523 883 1562 Rostrum
911 1537 1097 1571 cereum,
1148 1521 1321 1561 maxilla
1350 1520 1547 1561 inferiore
1575 1521 1768 1575 utrinque
1799 1519 2066 1574 emarginata.

391 1597 551 1650 Lingua
579 1597 924 1652 subemarginata.
996 1599 1124 1639 [rides
1165 1597 1426 1637 flavissimae.
1483 1598 1614 1637 Nares
1641 1597 1872 1650 oblongae,
1909 1594 2070 1636 concha

391 1670 653 1720 lamellacea,
685 1672 877 1713 interiori
907 1673 1082 1728 margini
1115 1675 1284 1722 adnata,
1323 1672 1661 1713 subbiloculares.
1731 1673 1857 1727 Pepla
1887 1671 2069 1711 maxima

392 1745 576 1792 cinerea,
620 1747 787 1787 circulis
814 1748 1095 1788 concentricis
1126 1748 1268 1795 fusci53
1298 1751 1438 1788 lunula
1468 1759 1563 1786 ante
1594 1748 1782 1793 oculum,
1826 1746 1972 1785 circuli
2002 1759 2070 1799 pe-

389 1821 459 1874 pla
489 1821 740 1870 ambientes,
772 1822 897 1876 inque
929 1838 1063 1862 aream
1093 1823 1212 1876 gula-e
1242 1834 1370 1861 atram
1400 1829 1596 1861 coeuntes
1627 1820 1754 1874 nigri3
1804 1836 1899 1860 area
1930 1821 2069 1859 lunata

391 1896 686 1949 supraocularis
716 1897 822 1937 alba.
881 1898 1104 1953 Palpebrae
1132 1897 1368 1952 plumosae,
1416 1894 1600 1949 margine
1631 1896 1742 1934 nudo
1773 1906 1874 1935 atro.
1933 1895 2071 1934 Barba

393 1971 465 2010 sub
496 1982 626 2011 rostro
656 1972 887 2026 plumarum
920 1972 1112 2012 mollium
1142 1983 1248 2020 atra,
1288 1971 1332 2011 in
1361 1986 1484 2025 quam
1510 1978 1665 2011 coeunt
1694 1974 1835 2011 circuli
1864 1969 2072 2025 plumacei

391 2061 506 2086 aures
535 2058 575 2087 et
606 2047 730 2102 pepla
761 2047 1014 2096 ambientes,
1047 2048 1142 2087 albo
1165 2046 1366 2101 nigroque
1390 2045 1509 2086 varii.
1566 2047 1697 2086 Aures
1721 2045 1948 2094 maximae,
1981 2045 2069 2099 plu-

388 2122 464 2161 mis
490 2121 646 2170 densis,
679 2121 864 2172 inflexis,
897 2120 1264 2177 fuligineo-nigris
1291 2121 1481 2177 stipatae.
1540 2122 1731 2162 cucullus
1755 2119 2065 2167 tumldissimus,

389 2213 482 2237 cum
514 2200 635 2237 dorso
666 2199 904 2253 alarumque
934 2198 1022 2238 basi
1053 2197 1334 2238 cinerascente
1365 2212 1509 2246 canus,
1549 2198 1664 2237 fusco
1693 2196 1914 2236 undulatus
1946 2206 2064 2247 atque

394 2272 604 2319 lituratus‚
633 2283 677 2312 ut
705 2272 749 2312 in
778 2275 982 2314 Alucone.
1041 2277 1145 2314 Alae
1175 2277 1335 2327 spuriae
1364 2271 1563 2312 exteriori
1587 2271 1772 2326 margine
1796 2269 2067 2325 pennularum

389 2345 550 2386 niveae.
607 2348 755 2389 Subtus
784 2349 952 2404 plumae
984 2348 1232 2394 albidiores,
1262 2347 1404 2393 laxae,
1442 2346 1577 2386 fitur-³3
1607 2347 1766 2400 magnis
1797 2344 1936 2389 fusos,
1980 2342 2066 2380 lon-

390 2419 707 2474 gitudinalibu53
739 2425 810 2464 sed
841 2425 915 2463 sub
947 2423 1042 2474 alis,
1075 2423 1119 2463 in
1149 2421 1496 2478 hypochondrio,
1526 2422 1672 2470 crisso,
1718 2420 1907 2472 circaque
1935 2417 2065 2471 pedes
