2196 2927
394 222 452 273 76
1149 232 1292 257 π

506 331 728 373 Malabaris
759 333 882 372 Chiri.
950 330 1279 386 Ceylonensibus
1309 330 1404 386 Qui?
1433 345 1462 370 s.
1495 330 1696 386 Quispele.

500 406 707 446 Lusitanis
738 407 782 447 in
813 406 932 447 India
961 409 1128 461 Mango.

525 481 835 522 Animalculum
869 482 1031 522 Persiae
1062 482 1313 523 australioris
1342 481 1604 537 indigenum,
1636 480 1758 522 facile
1782 481 2062 533 cicurandum,

390 556 434 596 in
462 555 699 610 provincias
728 557 833 596 mari
863 557 1002 613 caspio
1032 557 1191 598 vicinas
1221 569 1263 597 et
1291 557 1513 612 Georgiam
1537 558 1739 604 adfertur,
1767 568 1964 611 tanquam
1994 560 2064 598 do-

384 629 605 670 mesticum
633 642 673 669 et
702 646 775 686 per
806 631 1125 672 Astrachaniam
1165 633 1404 688 Petropolin
1433 647 1560 687 usque
1604 633 1824 671 advectum
1866 644 1947 681 est,
1991 633 2063 674 ubi

385 704 458 744 diu
480 704 524 744 in
549 705 738 744 conclavi
761 705 869 746 vixit
893 707 1075 747 maxime
1090 707 1316 763 privatum,
1348 708 1535 763 lepidum
1558 718 1599 746 et
1622 708 1841 756 mundum,
1871 723 1954 748 non
1979 723 2065 748 mu-

383 794 446 819 res
477 779 629 829 solum,
675 781 746 820 sed
788 781 990 821 maximos
1032 785 1178 823 Rattos
1217 784 1466 822 decumanos
1508 782 1624 821 facili
1666 782 1836 836 negotio
1866 797 2061 831 enecans3

384 870 461 895 nec
493 855 712 908 Serpentes
743 855 997 896 reformidat.
1058 856 1366 912 Agilissimum,
1397 857 1721 912 reptabundum‚
1748 855 1907 911 'ubique
1927 856 1970 896 in
1996 873 2063 897 an-

385 929 539 984 gustias
569 944 610 968 se
640 929 865 970 insinuans.
938 932 1123 971 Ovorum
1153 931 1345 972 vitellum
1375 943 1483 972 amat
1513 943 1555 971 et
1583 930 1849 971 solertissime
1879 933 2062 971 lamben-

382 1005 437 1044 do
467 1003 676 1044 exhaurit.
735 1005 890 1044 Irritati
920 1021 1001 1045 vox
1033 1007 1248 1060 grunnitus
1278 1006 1511 1046 continuus.
1570 1005 1715 1045 Indica
1744 1005 1985 1059 specimina,
2016 1006 2061 1046 in

381 1079 573 1132 Belgium
603 1078 698 1118 viva
728 1080 922 1129 advecta,
954 1081 1167 1135 complura
1196 1080 1305 1129 vidi,
1337 1080 1498 1135 persico
1527 1079 1743 1119 simillima
1774 1080 2059 1134 magnitudine

381 1164 422 1192 et
451 1154 612 1200 colore,
642 1165 684 1193 et
713 1154 856 1209 utique
887 1156 937 1195 ab
979 1156 1193 1210 Aegyptio
1223 1158 1485 1196 Ichneumone
1515 1166 1556 1194 et
1585 1158 1637 1194 V.
1669 1156 1799 1207 cass-‘ra
1830 1155 1941 1195 affini
1972 1169 2059 1211 spe-

379 1227 443 1267 cie
460 1227 765 1282 distinguenda.
824 1231 1065 1269 Ichneumon
1100 1245 1168 1269 seu
1206 1231 1429 1283 Vulpecula
1466 1232 1679 1282 ceylanica
1708 1230 1765 1268 Se
1782 1230 1871 1269 bae
1900 1232 1997 1270 thes.
2024 1232 2058 1270 Ι.

381 1319 420 1357 p.
451 1309 515 1342 66.
546 1303 628 1342 tab.
660 1312 725 1352 41.
770 1304 821 1342 acl
853 1314 1033 1343 nostram
1073 1303 1275 1359 pertinen
1319 1315 1361 1343 et
1401 1303 1536 1358 ipsum
1582 1303 1795 1358 specimen
1824 1304 1961 1343 Musei
1992 1306 2059 1344 Se-

380 1377 479 1417 bani
522 1377 751 1417 etiamnum
791 1378 1120 1417 Amstelaedami
1151 1390 1399 1418 asservatum
1429 1377 1532 1418 vidi.
1602 1378 1789 1418 Pertinet
1819 1378 1945 1418 etiam
1975 1377 2057 1420 huc

379 1453 580 1506 Mongkos
609 1454 730 1492 Vale
748 1457 899 1505 ntyni
928 1454 1016 1492 Iud.
1045 1455 1117 1494 ΠΙ.
1149 1470 1190 1508 p.
1221 1460 1311 1504 293.
1341 1453 1424 1493 tab.
1455 1453 1500 1493 F.
1530 1454 1588 1492 Μ.
1619 1464 1661 1492 et
1690 1454 1870 1493 Mustela
1908 1467 2057 1508 gryseo

378 1537 423 1565 et
453 1527 548 1566 albo
581 1526 791 1580 variegata
820 1528 920 1567 Hill.
952 1532 1073 1567 anim.
1104 1544 1143 1581 p.
1176 1534 1268 1579 549.

512 1617 685 1656 Descr.
744 1615 912 1655 Putorio
943 1620 1073 1669 major
1109 1627 1151 1656 et
1181 1617 1266 1656 sere
1295 1617 1504 1671 gracilior.
1578 1618 1699 1660 Circa
1728 1633 1772 1659 os
1801 1618 2054 1672 ferruginea3

378 1690 541 1745 reliquo
570 1702 660 1731 toto
690 1705 862 1746 corpore
893 1692 1064 1731 obscure
1096 1691 1350 1745 ferruginea,
1393 1693 1465 1732 sed
1502 1693 1555 1732 ob
1593 1692 1800 1746 longiores
1829 1692 1939 1747 pilos
1967 1693 2054 1733 ubi-

380 1781 460 1820 que
491 1766 585 1805 albo
615 1765 816 1820 nigroque
844 1766 979 1806 varios
1016 1766 1228 1820 eleganter
1269 1780 1502 1807 canescens.
1574 1770 1771 1807 Extrema
1812 1768 1967 1821 pedum
2014 1779 2055 1808 et

379 1841 535 1880 caudae
566 1840 695 1895 nigra.
754 1841 897 1881 Gauda
925 1841 1013 1881 basi
1043 1857 1201 1889 crassa,
1240 1841 1394 1881 sensim
1422 1843 1655 1882 adtenuata.
1714 1843 1865 1882 Dentes
1900 1843 2053 1898 primo-

380 1930 443 1955 res
472 1916 618 1964 retusi,
648 1915 842 1972 utrinque
872 1917 1051 1957 extimus
1079 1917 1204 1972 paulo
1235 1920 1386 1971 major,
1423 1917 1604 1957 conicus.
1663 1918 1898 1957 Palmarum
1927 1917 2053 1972 digiti

381 2006 402 2029 ρ
434 1990 565 2031 medii
595 1995 788 2046 majores,
832 1993 975 2049 pollex
1004 2009 1166 2050 parvus.
1237 1994 1478 2036 Folliculum
1504 1991 1728 2033 sebiferum
1755 1992 1969 2049 proprium
2000 1994 2051 2033 ad

381 2065 578 2119 genitalia
607 2065 746 2108 habet.

740 2201 825 2232 22.
916 2192 1348 2236 VIVERRA
1438 2192 1690 2234 Lutra.

515 2278 568 2317 V.
596 2279 772 2332 pedibus
801 2281 993 2321 omnibus
1022 2284 1236 2337 palmatis,
1266 2299 1437 2340 corpore
1465 2285 1604 2334 fusco,
1634 2284 1775 2324 subtus
1792 2289 2045 2321 canescente.

599 2355 776 2393 Mustela
818 2357 962 2405 Lutra,
1006 2358 1093 2397 Lin.
1136 2371 1238 2411 ςγδι.
1281 2362 1375 2400 XII.
1412 2378 1442 2398 1.
1486 2375 1525 2414 p.
1565 2366 1629 2400 66.
1672 2373 1732 2411 sp.
1765 2372 1801 2395 2.
1842 2355 2043 2396 Schreber.

653 2432 859 2471 mammal.
888 2432 963 2470 III.
991 2447 1032 2485 p.
1061 2440 1154 2486 457.
1184 2435 1267 2474 tab.
1304 2441 1389 2475 126.
1419 2434 1472 2473 A.
1501 2435 1549 2473 B.
