2196 2927
381 176 466 225 243
1144 176 1290 201 Ε

595 278 776 321 Bubalus
806 280 1057 328 Auctorum,
1098 278 1277 318 Brisson.
1307 275 1450 333 quadr.
1481 292 1522 333 p.
1551 281 1618 317 81.
1648 290 1696 332 sp
1739 284 1778 326 4.

596 360 676 396 Bos
706 355 898 402 Bubastis,
927 357 1015 394 Lin.
1046 364 1150 408 syst.
1179 354 1274 392 XII.
1304 354 1338 392 I.
1369 369 1409 408 p.
1441 369 1506 404 99.
1532 369 1597 407 sp.
1629 360 1667 394 5.

595 433 653 471 Le
684 432 820 479 Bufle,
850 433 1012 484 Buffon.
1043 430 1187 485 quadr.
1218 430 1292 467 XI.
1323 444 1362 483 p.
1395 435 1486 478 284.
1517 428 1601 469 tab.
1633 434 1697 469 25.

492 506 633 549 Rossis
660 509 837 556 Buiwol,
869 508 1005 546 Buzla.
1064 504 1299 546 Calmuccis
1333 505 1589 545 Ussun-ulzir
1632 505 1908 557 (Armentum
1939 514 2058 556 aqua·

541 581 699 635 ticum)
738 580 1112 637 Kirgiso-Tataris
1155 582 1340 634 Sughun;
1384 579 1546 619 Tataris
1590 578 1766 621 Caucasi
1808 579 2058 633 Gaumysch.

542 658 736 699 Armenis
767 658 1032 709 Gaumytsch.
1092 654 1332 695 Sinensibus
1361 656 1534 712 Nju-ta.

515 733 806 774 Domesticum
836 742 1067 771 armentum
1103 729 1148 769 in
1186 730 1388 784 Georgia,
1434 731 1543 785 apud
1571 732 1796 775 Armenes,
1840 728 2061 770 Astracha-

383 809 503 858 niae,
546 808 589 848 in
631 807 832 847 Tauricae
873 804 1112 846 chersonesi
1155 804 1361 844 montanis
1406 805 1606 859 sylvosis,
1658 817 1701 845 et
1739 805 1784 845 in
1831 804 2061 846 Moldavia.

382 884 550 925 Taurici
580 895 620 924 et
658 881 891 924 Moldavici
929 880 1078 921 Bubali
1121 880 1254 920 multo
1298 879 1480 920 minores
1522 891 1565 920 et
1606 880 1825 935 pilosiores
1867 879 2062 936 persicis,

385 971 537 1000 aestate
566 970 705 998 tamen
735 969 897 1014 praeter
926 971 1083 1012 sparsos
1123 967 1276 995 setosos
1321 955 1429 1010 pilos
1475 956 1559 995 fere
1603 955 1718 995 nudi.
1791 960 1975 1010 Hyemes
2017 955 2062 995 in

385 1035 525 1090 aprico
556 1050 639 1074 non
669 1036 775 1074 bene
806 1034 963 1079 ferunt,
994 1032 1065 1071 sed
1095 1032 1146 1071 ad
1177 1045 1301 1070 onera
1330 1029 1521 1071 vehenda
1552 1032 1684 1071 multo
1716 1030 1964 1071 valentiores
1987 1033 2064 1070 Bo-

387 1113 460 1152 bus
492 1110 733 1151 domesticis
763 1121 804 1150 et
835 1109 899 1148 lac
929 1108 1130 1163 praebent
1159 1109 1313 1159 majore
1345 1106 1597 1161 quantitate,
1637 1106 1851 1162 pinguius,
1894 1107 1966 1146 sed
1996 1120 2064 1146 cu-

386 1191 446 1242 jus
476 1189 672 1242 butyrum
703 1196 821 1240 gustu
850 1185 1024 1224 sebaceo
1054 1194 1127 1223 est.
1187 1181 1358 1221 Animal
1387 1180 1604 1221 moschum
1635 1182 1755 1222 valde
1786 1182 1892 1228 olet,
1934 1181 2066 1221 etiam

387 1261 678 1302 excrementis.
736 1263 906 1299 Aestate
938 1258 1086 1298 caloris
1116 1257 1338 1312 impatiens
1369 1271 1516 1312 aquam
1546 1255 1674 1296 intrat
1717 1258 1785 1296 vel
1827 1257 1871 1296 in
1911 1258 2064 1312 palude

388 1337 686 1378 decumbit.»——
716 1339 762 1375 In
792 1333 1059 1390 profundiore
1090 1348 1193 1388 aqua
1223 1347 1305 1372 non
1336 1343 1448 1372 natat
1477 1333 1549 1372 sed
1580 1334 1653 1373 sub
1685 1348 1789 1388 aqua
1818 1332 1964 1373 transit
2002 1348 2064 1373 so-

388 1411 440 1452 lis
469 1412 635 1452 naribus
666 1410 853 1450 exsertis.
912 1413 1090 1448 Lentum
1121 1410 1172 1448 ad
1202 1407 1360 1457 omnia,
1392 1407 1473 1448 nisi
1503 1424 1630 1463 quum
1660 1408 1862 1448 irascitur.
1921 1408 2066 1448 Gradi-

389 1498 455 1528 tur
496 1499 691 1544 protenso
734 1484 884 1540 capite.
957 1484 1170 1524 Mensibus
1209 1501 1249 1523 12
1282 1494 1399 1523 utero
1435 1495 1568 1538 gestat
1597 1500 1735 1525 vacca.
1793 1484 1931 1524 Vituli
1960 1484 2067 1539 pilo-

391 1564 517 1605 siores
548 1573 780 1603 naseuntur.
846 1563 1029 1615 Tergora
1066 1558 1315 1599 crassissima
1357 1570 1400 1599 et
1441 1560 1792 1615 praestantissima
1834 1575 1908 1616 pro
1952 1558 2067 1600 corio

390 1641 609 1683 solearum.
667 1637 837 1678 Animal
867 1637 959 1691 plus
988 1635 1116 1690 duplo
1146 1634 1282 1690 pretio
1313 1634 1446 1675 carius
1478 1637 1611 1676 Bobus
1642 1636 1768 1676 vendi
1798 1637 1916 1676 solet.

527 1715 675 1755 Nota.
735 1712 852 1753 Cutis
881 1711 998 1751 color
1027 1710 1071 1750 in
1100 1710 1292 1752 omnibus
1322 1711 1456 1750 fustus
1486 1726 1556 1751 seu
1586 1712 1772 1751 exsolcte
1801 1711 1931 1765 niger.
1989 1711 2067 1750 Pili

394 1789 520 1831 setosi
550 1786 785 1841 nigerrimi,
831 1785 1106 1825 fasciculatim
1137 1785 1264 1840 sparsi
1295 1786 1435 1824 subtus
1465 1785 1664 1838 elongati.
1736 1788 1897 1825 Cornua
1940 1785 2067 1824 utrin-

394 1879 474 1920 que
505 1862 724 1910 reclinata,
756 1861 918 1908 lunata,
949 1859 993 1899 in
1024 1860 1253 1899 senioribus
1285 1858 1479 1898 maxima.
1545 1860 1730 1914 Ungulae
1754 1860 1920 1901 latiores
1944 1875 2067 1915 quam

396 1941 551 1989 bobus,
583 1949 627 1978 ut
657 1936 797 1978 omnia
828 1935 1006 1976 vastiora
1035 1946 1076 1975 et
1107 1933 1347 1976 robustiora.

637 2065 760 2104 131.
853 2059 887 2101 B
926 2060 966 2100 O
1001 2059 1028 2100 S
1094 2059 1437 2115 Poeplzszgus.
1495 2059 1640 2105 TAB,
1680 2058 1828 2101 XXII.

530 2159 575 2195 Β.
607 2152 802 2193 cornibus
826 2150 1073 2198 suberemis,
1105 2152 1234 2190 cauda
1258 2151 1442 2205 undique
1466 2150 1707 2205 longissime
1730 2151 1876 2191 villosa
1900 2151 2065 2193 sericea.

614 2227 860 2283 foephagus
880 2228 1043 2266 Aeliani
1066 2228 1157 2266 hist.
1182 2230 1305 2265 anim.
1337 2226 1406 2266 lab.
1423 2227 1514 2266 XV.
1545 2243 1634 2283 cup.
1666 2236 1723 2276 14.
1753 2229 1864 2267 XVI.
1895 2243 1983 2282 cap.
2007 2244 2065 2267 11.

615 2301 818 2346 Boeboeli
863 2300 1078 2354 (Eubuli),
1128 2302 1289 2343 Wz'tsen.
1318 2302 1371 2342 N.
1402 2317 1450 2341 en
1478 2302 1528 2342 O.
1565 2303 1705 2343 Tatar.
1743 2305 1805 2343 cd.
1834 2305 1887 2343 ΙΙ.
1924 2305 2003 2343 vol.
2030 2304 2065 2341 Ι.

668 2393 764 2434 pag.
797 2384 862 2418 66.
