2196 2927
355 207 438 246 532
1117 205 1256 227 Ξ

351 306 618 347 hirundinem
650 304 695 344 in
726 303 866 344 medio
899 302 1054 343 vertice
1084 313 1272 343 ornatam
1316 301 1438 341 crista
1477 300 1646 355 globosa
1698 316 1719 341 c
1766 302 1916 357 plumis
1959 319 2039 343 ma<

353 381 504 430 {oribus-
521 381 563 421 in
588 379 790 420 vorticem
806 379 1018 429 contortis,
1051 379 1171 418 valde
1199 376 1522 431 prominentem,
1553 379 1742 418 Amiciss.
1774 380 1805 417 I.
1828 379 2042 430 Hochfeld‚

666 461 786 503 156.
879 459 923 501 H
954 460 970 501 I
1000 460 1035 501 R
1068 459 1107 500 U
1138 457 1175 498 N
1208 457 1250 498 D
1281 458 1321 498 O
1411 457 1731 514 Lagopoclcz.

492 534 540 571 H.
572 546 693 585 supra
722 529 1100 583 chalybeato-atra
1118 558 1129 575 ,
1159 536 1299 582 suptus
1329 526 1477 576 nivea,
1522 528 1700 583 pedibus
1730 529 1892 568 lanatis.

569 605 759 646 Hirundo
798 605 994 661 agrestis,
1038 604 1141 644 Ptin.
1179 605 1270 642 hist.
1316 612 1398 641 nat.
1442 603 1512 643 lib.
1544 604 1596 641 X.
1645 619 1736 657 cap.
1769 610 1833 644 33.
1878 605 2038 644 Gesner.

625 696 689 720 av.
721 696 760 734 p.
797 687 889 729 564.
920 680 1090 719 Aldrov.
1122 693 1205 718 orn.
1235 678 1289 716 II.
1320 692 1358 731 p.
1387 684 1478 728 693.
1516 678 1734 731 Willughb.
1768 694 1851 718 orn.
1885 695 1923 733 p.
1956 687 2039 720 155.

625 757 715 811 Raj.
746 771 810 794 av.
844 771 882 809 p.
914 771 978 806 71.
1010 768 1047 791 η.
1081 768 1116 791 2.
1148 753 1286 792 Albin.
1319 767 1385 791 av.
1414 754 1469 791 II.
1501 753 1584 793 tab.
1616 760 1680 794 56.
1704 754 1757 792 A.
1789 754 1940 794 Frisch.
1974 769 2041 793 av.

625 839 719 871 sect.
752 838 789 871 3.
820 829 903 869 tab.
943 845 1001 880 17.
1024 829 1108 881 fig.
1141 833 1185 866 2!

574 906 763 946 Hirundo
794 904 930 944 minor
958 920 990 944 s.
1020 902 1197 951 rustica,
1228 904 1406 942 Brisson.
1439 917 1522 942 orn.
1552 903 1606 942 II.
1639 918 1678 958 p.
1709 908 1802 954 496.
1840 919 1900 958 sp.
1934 921 1970 943 2.

572 981 761 1021 Hirundo
791 979 959 1028 urbica,
991 979 1110 1032 (soli)
1141 980 1229 1018 Lin.
1259 987 1362 1031 εχει.
1393 978 1488 1016 XII.
1518 979 1551 1016 I.
1582 993 1621 1032 p.
1657 985 1749 1027 344.
1786 993 1847 1033 sp.
1881 984 1917 1019 3.

572 1059 630 1095 Le
658 1055 767 1110 petit
797 1054 998 1095 Martinet
1018 1085 1029 1101 ,
1059 1053 1286 1093 D’Aubent.
1318 1057 1414 1108 pict.
1445 1052 1528 1092 tab.
1561 1060 1652 1102 542.
1672 1054 1757 1107 fig.
1791 1069 1826 1092 2.

570 1130 755 1177 Martia,
785 1132 972 1169 Latlzam.
1004 1145 1095 1182 syn.
1126 1130 1196 1168 IV.
1236 1144 1276 1183 p.
1309 1135 1400 1176 564.
1435 1143 1472 1166 η.
1504 1134 1541 1168 3.

466 1205 605 1245 Rossis
634 1207 903 1245 Lastotschka
928 1204 995 1244 vel
1019 1207 1290 1250 Lastowitza,
1323 1202 1366 1242 in
1389 1201 1542 1242 Sibiria
1556 1203 1749 1243 Strishok.
1808 1202 2037 1245 Esthonice

521 1282 641 1321 Tur-ts
658 1298 669 1325 ;
700 1279 942 1320 Morduanis
975 1280 1114 1323 Pedii,-
1144 1276 1316 1330 Vogulis
1345 1275 1606 1315 sosvensibus
1635 1278 1816 1330 Segeich.
1874 1281 2040 1332 Tungu„

521 1355 573 1394 sis
603 1365 646 1394 et
674 1353 860 1394 Lamutis
897 1354 1096 1393 Whelika.
1170 1352 1417 1405 Caragasso-
1435 1350 1665 1401 Samojedis
1695 1353 1914 1392 Chaldon-
1934 1356 2039 1394 chat.

522 1428 855 1470 Camtschadalis
884 1430 1103 1480 Kainlu'ng.
1170 1425 1365 1468 Coraecis
1393 1426 1674 1480 Kawalingek.
1733 1426 1888 1468 Curilis
1915 1429 2040 1486 Kujass

521 1506 639 1544 kanb.
699 1502 867 1559 Japonis
896 1503 1121 1557 Zutagura.

493 1583 606 1620 Haec
638 1579 794 1635 pariter
822 1578 866 1618 in
896 1578 1011 1618 omni
1040 1576 1187 1618 Rossia
1225 1587 1266 1616 et
1297 1575 1475 1624 Sibiria,
1521 1576 1573 1615 ad
1605 1576 1945 1620 Camtschatkam
1975 1595 2037 1620 us-

357 1670 463 1711 que,
492 1654 702 1712 inquilina
732 1665 818 1703 est,
848 1653 892 1694 in
924 1652 1076 1693 Sibiria
1106 1651 1298 1692 orientah
1330 1650 1611 1697 nitidissima,
1641 1662 1687 1692 ut
1715 1667 1768 1692 ex
1799 1653 1941 1694 addita
1970 1656 2038 1695 de-

359 1731 585 1786 scriptione
617 1729 762 1770 videre
794 1741 868 1769 est.
940 1732 988 1769 In
1017 1727 1230 1783 populosis
1268 1726 1507 1780 regionibus
1548 1727 1622 1765 sub
1653 1727 2037 1781 contignationibus

359 1817 402 1845 et
431 1805 553 1845 tectis
584 1805 705 1844 nidos
735 1803 882 1849 struit,
911 1818 986 1858 pro
1017 1802 1264 1842 lociratione
1294 1802 1425 1840 forma
1456 1799 1609 1848 varios,
1641 1812 1686 1840 ut
1715 1816 1937 1856 europaea,
1969 1817 2036 1844 co-

360 1879 541 1934 liturque
572 1877 709 1918 ubivis
738 1876 949 1932 hospitio,
978 1891 1072 1915 cum
1102 1875 1403 1931 praecedente,
1442 1875 1567 1929 plebe
1598 1889 1733 1929 neque
1762 1876 1884 1916 nidos
1914 1877 2036 1918 facile

361 1955 624 2002 destruente,
669 1966 805 2006 neque
844 1966 940 1991 aves
969 1951 1154 1999 laesura,
1197 1965 1295 2005 quas
1324 1949 1518 1989 occidere
1547 1950 1734 1990 maxime
1760 1952 1873 1990 nefas
1915 1955 2036 1993 Tata-

362 2028 429 2068 ris.
488 2030 546 2068 At
575 2027 619 2067 in
649 2026 822 2067 desertis
852 2025 952 2081 ripis
983 2027 1035 2065 ad
1065 2024 1194 2075 Irtin‚
1237 2024 1310 2064 ubi
1350 2038 1425 2079 per
1466 2035 1716 2079 temperatos
1759 2040 1926 2081 campos
1968 2029 2037 2068 de-

363 2103 478 2151 fluit,
509 2102 742 2158 praeruptis
771 2101 953 2142 maxime
984 2100 1112 2149 locis,
1145 2111 1319 2140 excavat
1340 2099 1444 2140 haec
1474 2099 1634 2155 species
1664 2110 1806 2149 antra,
1841 2113 2039 2142 externae

362 2177 545 2233 riparum
573 2177 725 2233 parieti
754 2176 952 2232 parallela
970 2208 981 2226 ‚
1025 2176 1233 2230 oblonga,
1276 2174 1385 2215 nidis
1422 2175 1509 2215 luto
1539 2171 1902 2228 longitudinaliter
1930 2178 2039 2217 clau-

366 2253 419 2293 sis
448 2251 708 2302 subsimilia,
741 2252 887 2307 quibus
918 2251 1086 2306 copiose
1117 2250 1220 2291 locis
1259 2252 1309 2290 ab
1338 2251 1427 2290 Hir.
1457 2255 1611 2306 riparia
1641 2249 1849 2291 distinctis
1877 2251 1939 2292 ibi
1968 2251 2037 2291 ha—

365 2327 498 2375 bitat,
534 2338 650 2368 tanto
678 2327 830 2383 passim
859 2341 1056 2375 numero,
1098 2337 1144 2366 ut
1172 2325 1247 2365 tali
1276 2326 1372 2366 loco
1401 2340 1591 2380 percussa
1619 2326 1727 2379 pede
1757 2324 1868 2380 ripa,
1915 2340 2034 2379 saepe

366 2413 564 2443 centenae
595 2414 745 2443 matres
775 2402 899 2443 simul
928 2402 1110 2443 evolent.
1183 2405 1231 2441 In
1260 2399 1467 2450 Dauum,
1513 2399 1585 2440 ubi
1626 2399 1926 2455 pulcherrimas
1966 2400 2035 2439 de-
