2196 2927
923 229 1066 253 —··--=
1725 214 1824 271 ‘147‘

157 322 325 369 horsum
353 341 517 369 vorsum
553 338 764 383 vagantes,
809 342 929 367 canes
971 326 1159 381 fatigant.
1231 330 1428 370 Inimicos
1471 328 1616 379 habet,
1660 340 1823 385 praeter

158 404 339 458 Vulpem
368 415 409 443 et
446 405 733 457 Lagopodem,
777 401 1023 449 zibellinas‚
1066 401 1151 441 imo
1194 404 1380 444 Putorios
1422 417 1463 444 et
1506 404 1744 444 Ermineum
1782 415 1823 444 et

158 476 355 518 Cornices
385 492 568 532 quoque3
613 486 673 515 est
711 476 825 515 enim
863 476 1085 515 admodum
1114 476 1297 516 imbellis
1328 488 1367 515 et
1399 479 1448 517 ab
1478 479 1655 528 ultimis,
1701 480 1820 518 dorso

159 567 200 591 se
229 552 499 605 affligentibus
529 560 571 590 et
601 549 740 589 oculos
771 550 1035 599 ferientibus,
1068 550 1190 590 facile
1221 551 1437 604 subigitur.
1497 553 1724 606 Capiuntur
1766 553 1820 592 la-

155 626 290 680 queis,
323 625 526 678 variisque
557 623 773 678 decipulis.
831 624 966 663 Tenui
996 624 1152 664 vimine
1182 624 1226 664 in
1258 625 1494 665 alterutram
1524 641 1663 665 narem
1693 641 1821 681 usque

156 701 205 738 ad
236 700 447 739 cerebrum
476 698 633 738 intruso
663 698 783 738 facile
814 710 1023 738 necantur.
1097 700 1223 739 Pelles
1251 699 1374 747 viles,
1420 699 1675 754 minimeque
1706 702 1821 740 dura-

152 783 283 821 turae,
329 772 429 812 hinc
471 783 629 812 tantum
672 773 847 827 plebeiis
893 773 1081 812 Foeminis
1123 788 1198 828 pro
1239 773 1427 828 hyberna
1471 785 1584 813 veste
1631 774 1818 822 usitatae,

150 862 272 900 quam
302 847 598 887 calidissimam
627 849 847 902 praebent3
893 850 943 887 ad
974 847 1167 887 coactilia
1197 863 1322 902 opera
1351 849 1533 888 inutiles,
1611 849 1820 889 Consuan-

148 932 214 960 tur
243 921 459 975 sigillatim
489 923 627 970 dorsa,
674 933 835 962 ventres
865 933 905 961 et
935 923 1080 976 pedes;
1125 922 1210 962 imo
1254 937 1367 962 aures
1411 937 1574 977 quoque
1618 932 1820 963 consuunt

147 995 192 1034 in
224 995 387 1036 Sibiria.
445 997 649 1036 Consutae
681 998 731 1036 ad
760 1001 912 1036 Tui-cas
941 1008 981 1036 et
1011 997 1054 1036 in
1085 1000 1291 1052 Europam
1321 1008 1603 1052 exportantur.

282 1071 415 1110 Nota
451 1089 482 1109 1.
540 1073 597 1110 Ut
625 1070 667 1109 in
699 1073 807 1111 Cane
837 1073 1056 1125 chgopode
1094 1072 1205 1110 fusca
1253 1071 1448 1120 varietas,
1495 1072 1553 1111 sic
1582 1071 1627 1111 in
1656 1072 1821 1124 Leporis

146 1145 357 1184 variabilis
385 1145 512 1199 stirpe
542 1156 637 1184 nata
667 1145 781 1198 nigra
812 1146 1009 1194 varietas,
1041 1145 1193 1200 hyeme
1224 1147 1406 1185 colorem
1435 1161 1517 1185 non
1548 1156 1691 1184 mutat.
1741 1146 1821 1185 Oc-

146 1229 312 1257 currunt
343 1230 479 1257 autem
532 1224 636 1271 nigri
664 1223 815 1273 lepores
844 1219 995 1273 passini
1025 1220 1068 1258 in
1099 1220 1337 1259 Casanicnsi
1368 1235 1494 1273 regno
1538 1231 1579 1258 et
1619 1219 1663 1258 in
1705 1218 1821 1258 omni

146 1292 318 1341 Sibiria,
350 1292 571 1347 praecipue
602 1307 699 1332 vero
729 1293 921 1332 dicuutur
951 1294 1185 1347 frequentes
1210 1308 1296 1331 esse
1320 1292 1363 1332 in
1390 1293 1558 1347 regione
1582 1293 1691 1332 inter
1714 1293 1819 1332 Oce-

147 1382 268 1406 anum
297 1366 544 1406 orientalem
573 1378 615 1406 et
643 1366 788 1406 fluvios
819 1366 928 1416 Uth‚
958 1370 1100 1421 Tugur
1129 1378 1169 1406 et
1201 1366 1367 1407 Ochota
1396 1367 1574 1415 inclusa,
1607 1366 1678 1406 ubi
1705 1367 1819 1406 fusco

145 1441 283 1480 colore
314 1456 400 1481 esse
431 1441 593 1496 accepi,
632 1441 713 1481 nisi
742 1442 847 1481 forte
877 1441 1097 1496 peculiaris
1128 1441 1188 1481 ibi
1218 1441 1391 1496 species.
1449 1441 1618 1481 Sibirici
1649 1452 1691 1480 et
1719 1444 1818 1480 Ros-

146 1515 221 1554 sici
250 1516 359 1569 nigri
386 1517 546 1570 lepores
578 1527 669 1555 sunt
697 1516 939 1570 plerumque
971 1514 1174 1563 atei-rimi,
1213 1515 1358 1564 nitidi,
1391 1517 1529 1556 subtus
1565 1516 1735 1563 subrufi,
1767 1516 1818 1554 ad

146 1590 275 1628 solem
318 1604 415 1629 vero
446 1590 629 1644 suspensi
658 1590 766 1629 intra
794 1591 918 1629 breve
949 1601 1108 1644 tempus
1145 1589 1225 1627 toti
1255 1590 1476 1628 rufescunt.
1550 1590 1670 1629 Circa
1700 1604 1742 1628 os
1773 1589 1817 1628 in

146 1663 328 1712 auribus,
361 1675 402 1703 et
431 1663 475 1702 in
505 1664 645 1704 buccis
676 1678 796 1718 saepe
826 1663 904 1718 pili
935 1663 1019 1703 albi
1043 1662 1170 1717 sparsi
1198 1664 1259 1702 vel
1282 1678 1355 1718 per
1377 1662 1608 1703 fasciculos.
1666 1663 1817 1703 Pedum

145 1739 279 1778 soleae
310 1738 708 1792 gryseo-ciuereae,
754 1749 797 1776 ut
833 1737 877 1776 in
908 1736 1080 1791 vulgari.
1140 1739 1307 1790 Lanugo
1337 1737 1380 1776 in
1411 1749 1498 1777 toto
1529 1752 1719 1792 corpore,
1765 1738 1816 1776 ad

141 1812 297 1867 pellem
327 1827 560 1852 canescens.
631 1814 758 1852 Irides
788 1813 960 1852 obscure
992 1811 1140 1850 fulvae.
1211 1811 1312 1851 Vidi
1343 1810 1462 1865 hujus
1494 1811 1702 1851 varietatis
1732 1811 1817 1866 pel-

143 1886 203 1925 les
234 1901 255 1926 6
285 1886 403 1941 nigro
433 1886 475 1926 in
506 1888 747 1942 plumbeum
780 1887 962 1926 colorem
993 1897 1221 1940 vergentes.

276 1962 414 2001 Nota
446 1979 481 2001 2.
540 1965 671 2017 Lepus
700 1961 911 2002 variabilis
938 1961 981 2000 in
1005 1960 1195 2000 conclavi
1211 1959 1447 2015 hybernans
1464 1961 1684 2009 calefacto,
1716 1959 1816 2014 hye-

141 2034 294 2074 molem
322 2045 460 2076 tamen
490 2036 623 2090 pilum
653 2037 811 2084 album,
843 2047 934 2075 utut
962 2035 1116 2074 tardius
1146 2035 1302 2083 induit,
1335 2036 1406 2089 qui
1437 2037 1533 2074 dum
1557 2050 1579 2073 a
1607 2045 1699 2073 cute
1726 2049 1817 2088 pro-

143 2109 298 2163 rumpit
326 2121 367 2149 et
397 2110 599 2150 aestivum
629 2122 811 2164 superat,
851 2109 922 2149 hic
953 2109 1104 2148 sensim
1135 2109 1292 2148 defluit.
1351 2111 1548 2148 Cormalos
1578 2106 1697 2160 hujus
1728 2123 1814 2162 spe-

146 2182 228 2222 clei
275 2183 454 2238 lepores,
498 2184 542 2223 in
585 2195 700 2223 tanto
743 2198 913 2223 numero
957 2183 1027 2236 qui
1071 2182 1290 2236 quotannis
1320 2182 1557 2238 capiuntur,
1606 2198 1817 2237 nunquam

143 2256 283 2297 audivi
314 2259 549 2297 observatos
580 2258 715 2297 fuisse.

273 2333 406 2372 Nota
438 2341 474 2372 3.
534 2334 720 2372 Varietas
748 2332 853 2372 forte
883 2330 1080 2386 hybrida,
1113 2330 1266 2387 hyeme
1292 2347 1373 2372 non
1398 2333 1520 2388 plane
1546 2332 1658 2379 alba,
1690 2346 1814 2385 quam

140 2405 259 2446 Rossi
290 2407 497 2462 sequentis
527 2407 693 2449 nomine
725 2409 916 2463 (Russah)
948 2407 1155 2463 appellare
1185 2408 1338 2458 solent,
1378 2407 1491 2449 vario
1522 2407 1648 2462 gradu
1679 2407 1811 2446 obser-

1328 2489 1345 2506 x<
