2196 2927
1181 195 1326 207 —

1183 211 1325 219 ———.

425 196 505 236 ¹32

419 305 559 336 autem
595 293 780 335 omnium
822 291 1065 334 animalium
1092 291 1312 342 citissime,
1355 291 1535 346 ideoque
1565 291 1669 332 f‘orte
1698 292 1941 335 infamatum
1969 310 2087 335 vene-

418 384 519 410 nosa
548 369 762 425 qualitate.
820 370 888 409 Ab
916 368 1113 409 Ermineo
1142 380 1281 408 tamen
1310 367 1555 409 comeditur.

553 473 596 511 N
602 483 696 512 ota.
754 474 892 514 Vellus
932 487 1006 528 pro
1048 471 1215 512 tantillo
1257 471 1507 512 animalculo
1548 472 1727 526 largum,
1768 470 2086 523 holosericeum,

417 546 706 596 tenerrimum,
736 548 879 603 pulcre
902 548 1103 597 nitidum,
1136 547 1257 587 valde
1283 547 1540 588 electricum.
1600 550 1722 588 Color
1737 548 1884 586 fuscus.
1944 548 2088 587 Cauda

413 633 487 675 per
514 632 645 662 totam
674 622 981 677 longitudinem
1008 624 1145 664 obtuse
1175 622 1478 678 quadrangula,
1522 638 1603 678 quo
1642 639 1663 662 a
1691 621 1957 677 sequentibus
1985 621 2089 677 opti-

413 709 480 734 me
510 695 795 751 distinguitur,
827 697 945 752 apice
975 698 1181 746 subulam,
1211 697 1321 737 inter
1339 697 1446 753 pilos
1471 697 1693 753 conspicue
1720 697 1926 736 annulata.
1971 698 2090 737 Plan-

413 779 478 809 tae
506 771 751 826 palmaeque
780 771 982 819 minores,
1012 787 1135 827 quam
1164 773 1203 812 S.
1233 771 1511 827 hydrophilo,
1542 772 1834 819 nudiusculae,
1863 786 1945 810 non
1976 772 2091 812 cilia-

414 854 496 884 tae.
554 846 717 887 Pondus
758 847 882 900 vulgo
928 844 1308 901 sesquidrachmae‚
1351 861 1441 886 raro
1478 861 1572 886 cum
1602 846 1806 901 scrupulo.
1879 846 1957 886 Hic
2000 847 2088 902 ipse

411 929 472 958 est
499 920 778 976 Squaretailed
807 923 960 969 Shrem,
988 923 1131 962 Penn.
1160 937 1252 974 syn.
1276 921 1417 976 quadr.
1447 937 1486 976 p.
1516 928 1608 971 482.
1639 937 1675 961 η.
1694 929 1786 970 346.
1826 924 1891 960 De
1913 921 2085 976 reliquis

411 1008 433 1032 a
461 1009 502 1048 p.
533 1010 587 1034 1n.
615 997 900 1036 Hermanno
930 995 1195 1036 exactissimo
1225 996 1487 1035 observatore
1525 995 1637 1036 circa
1664 998 1987 1051 Argentoratum
2017 997 2086 1036 ob-

410 1070 580 1110 servatis
611 1070 820 1111 Soricibus
850 1074 944 1124 (loc.
976 1074 1063 1124 cit.)
1093 1069 1201 1111 mihi
1230 1085 1313 1111 non
1343 1069 1491 1125 liquet.

534 1259 619 1300 55.
677 1258 914 1301 SOREX
950 1258 1428 1302 Gnldenstaedtii
1471 1259 1617 1301 TAB.
1656 1258 1737 1301 IX.
1767 1254 1871 1318 fig.
1914 1274 1958 1304 Ι.

542 1377 581 1416 S.
613 1375 959 1427 subauriculatus,
990 1378 1241 1428 fuscescens,
1274 1378 1403 1418 cauda
1427 1376 1689 1427 nudiuscula,
1720 1378 1863 1428 tereti,
1894 1379 1992 1420 setis
2022 1396 2079 1420 arcv

406 1449 532 1504 riguis
563 1451 766 1505 adspersa.

539 1529 653 1564 Inter
681 1527 857 1567 collecta
887 1544 908 1566 a
939 1529 1022 1568 Cel.
1054 1526 1428 1566 Guldenstaedt
1458 1525 1671 1576 animalia,
1710 1527 1872 1581 liquore
1903 1543 2077 1569 asserva-

402 1611 490 1641 tum
518 1601 678 1650 inveni,
711 1616 733 1640 a
761 1602 932 1641 Sorice
962 1617 1128 1650 araneo,
1159 1600 1228 1640 cui
1257 1601 1516 1651 simillimus,
1562 1616 1658 1642 vere
1688 1601 1906 1643 diversum,
1983 1607 2076 1644 Fre-

402 1692 551 1732 quens,
591 1677 739 1716 eodem
780 1677 995 1723 tradente,
1038 1677 1082 1717 in
1123 1677 1280 1731 campis
1323 1677 1607 1718 submontanis
1649 1677 1823 1718 Caucasi
1865 1679 2072 1729 australis,

398 1750 641 1806 praesertim
668 1750 711 1790 in
741 1750 918 1805 Georgia
948 1750 1057 1791 circa
1086 1752 1231 1792 urbem
1267 1751 1474 1799 Duschet3
1520 1751 1647 1791 etiam
1676 1751 1829 1807 passim
1870 1752 1914 1792 in
1956 1763 2070 1808 tugu-

399 1826 470 1866 riis
498 1826 769 1868 subterraneis
802 1825 980 1867 habitat.
1039 1827 1153 1868 Odor
1181 1826 1331 1867 leviter
1360 1825 1610 1867 moschatus.

531 1935 697 1975 Descr.
757 1935 884 1976 Paulo
912 1939 1043 1990 major
1068 1950 1239 1981 araneo;
1276 1945 1450 1976 rostrum
1471 1934 1605 1974 minus
1628 1934 1889 1989 productum.
1944 1935 2068 1977 Oculi

395 2007 575 2048 minimi.
632 2011 827 2051 Incisores
855 2025 976 2066 supra
1007 2028 1042 2051 2.
1072 2010 1279 2060 uncinati,
1322 2010 1482 2064 postiee
1528 2008 1741 2049 denticulo
1784 2009 1917 2058 aucti,
1965 2013 2070 2064 infra

394 2084 599 2139 protensi,
632 2084 704 2126 vix
735 2085 852 2141 apice
882 2085 1066 2134 recurvi,
1104 2085 1503 2142 crompressiusculi‚
1548 2084 1699 2125 obtusi.
1770 2086 1916 2125 Canini
1945 2100 2065 2141 supra

392 2159 586 2214 utrinque
618 2167 655 2200 3.
686 2161 815 2211 acuti,
854 2161 968 2216 prior
997 2162 1124 2217 duplo
1153 2165 1300 2215 major,
1345 2163 1451 2215 infra
1480 2160 1674 2214 utrinque
1704 2160 1785 2200 duo
1816 2159 1945 2209 acuti,
1988 2160 2064 2200 mi-

392 2233 509 2273 nimi.
566 2236 745 2275 Mozares
774 2237 910 2290 superi
939 2236 1131 2292 utrinque
1161 2246 1199 2287 4.
1231 2237 1361 2287 acuti,
1393 2235 1659 2285 denticulati‚
1689 2235 1851 2290 postico
1880 2235 2061 2282 minore;

391 2310 506 2359 inferi
533 2319 614 2349 tres
642 2309 781 2350 tri-et
810 2310 1215 2367 quinquecuspidati.
1273 2315 1415 2367 Rugae
1443 2311 1573 2367 palati
1609 2329 1667 2350 11.
1736 2312 1955 2351 Auriculae
1982 2309 2057 2349 vix

392 2396 416 2425 e
445 2382 599 2425 vellere
640 2384 883 2430 eminentes.
960 2389 1083 2429 Color
1124 2402 1244 2443 supra
1284 2386 1653 2436 fusco-cinereus,
1695 2386 1836 2425 subtus
1883 2383 2058 2425 albidus.
