2196 2927
897 201 1040 224 m
1735 207 1791 245 35·

127 313 295 356 angusta
324 313 365 341 et
392 314 611 358 praerupta
640 300 923 357 promontoria
951 298 1222 353 compellere,
1266 313 1309 340 et
1340 302 1385 341 in
1421 317 1616 358 praeceps
1646 318 1793 358 cogere

126 378 230 416 saltu
259 391 301 416 se
331 378 426 417 dare
456 377 560 425 neci,
593 377 778 429 adeoque
808 373 924 414 facili
955 375 1106 429 praeda
1134 373 1275 428 potiri.
1343 376 1513 417 Animal
1543 376 1625 418 hoc
1654 379 1792 418 certis-

126 451 229 491 sime
259 468 281 491 a
312 452 420 493 notis
450 451 664 507 speciebus
693 449 884 490 omnibus
914 448 1141 497 diversum,
1173 464 1268 488 cum
1297 450 1345 490 C.
1376 466 1497 492 aureo
1527 454 1658 493 multa
1687 469 1797 494 corn-

126 526 267 566 munia
296 527 460 567 videtur
488 525 655 566 habere.
722 524 970 565 Accuratior
997 527 1082 577 ejus
1113 522 1288 563 historia
1317 535 1359 564 et
1397 526 1621 581 descriptio
1659 530 1798 569 admo-

128 596 227 641 dum
256 601 548 650 desideranda,
579 611 622 640 et
649 601 753 640 forte
781 599 825 639 in
854 600 1121 654 producenda
1159 613 1308 639 canum
1337 600 1661 642 domesticorum
1690 619 1798 644 com-

126 675 260 731 posita
288 675 413 731 stirpe
442 691 556 716 suam
584 690 748 731 quoque
778 675 1023 730 symbolam,
1075 689 1203 729 aeque
1232 690 1279 714 ac
1308 678 1490 730 Hyaena,
1524 676 1624 716 Can.
1642 693 1798 729 aureus,

126 754 262 805 Lupus
305 762 346 790 et
374 752 544 806 Vulpes,
575 750 766 791 contulit.
824 749 1162 804 Descriptionem
1190 749 1360 789 interim
1389 765 1410 790 e
1440 750 1620 805 pellibus
1648 751 1797 808 imper-

126 826 276 865 fectam
312 827 440 875 dabo,
488 841 586 880 quas
623 827 764 868 Nobili
799 827 1040 879 Billings
1079 839 1101 864 e
1139 824 1290 865 Sibiria
1328 840 1492 866 reverso
1529 827 1683 877 debeo,
1730 827 1802 883 qui

127 901 176 940 ab
205 902 298 941 Uda
326 902 366 941 ss.
396 900 544 941 tenuit.

259 1019 434 1059 Descr.
486 1020 588 1073 Cap.
631 1018 795 1059 videtur
834 1030 965 1059 rostro
1006 1030 1222 1074 peracuto,
1266 1019 1439 1074 vulpino
1480 1020 1622 1069 fuisse,
1666 1031 1801 1060 totum

124 1091 356 1146 brevipile,
407 1092 798 1142 intense-fulvum,
851 1092 1036 1147 margine
1077 1104 1239 1132 tantum
1277 1093 1379 1133 labii
1422 1094 1668 1149 superioris,
1719 1111 1802 1135 ma-

126 1167 228 1206 xilla
256 1166 452 1206 inferiore
481 1177 522 1206 et
551 1167 646 1221 gula
674 1167 792 1208 albis.
849 1169 980 1208 Aures
1008 1167 1250 1215 mediocres,
1283 1168 1451 1208 mollius
1466 1169 1653 1219 villosae,
1684 1171 1802 1210 obso-

125 1240 247 1280 letius
275 1242 564 1281 fulvescentes.
622 1243 832 1295 Myscaces
860 1241 1109 1289 mediocres,
1139 1244 1634 1291 testaceo-rufescente83
1665 1247 1803 1299 palpe-

125 1317 219 1356 brae
247 1315 418 1370 pilosae,
450 1316 522 1356 vix
552 1331 623 1357 ora
651 1318 761 1356 nuda
789 1319 920 1371 nigra.
978 1317 1100 1357 Pellis
1128 1320 1224 1357 villo
1253 1317 1391 1371 longo,
1422 1317 1527 1366 rudi,
1557 1318 1703 1373 lupino
1732 1333 1800 1358 ve-

125 1390 236 1440 stita,
283 1401 371 1430 tota
400 1391 573 1446 vulpino
602 1393 742 1432 colore
772 1391 1020 1441 fulvissima,
1066 1393 1188 1432 dorso
1224 1391 1446 1442 intensius,
1490 1407 1630 1432 versus
1670 1393 1802 1434 latera

126 1465 280 1505 sensim
303 1464 488 1506 dilutius.
545 1468 692 1508 subtus
706 1478 858 1507 tractus
874 1466 1201 1521 longitudinalis,
1233 1478 1438 1521 angustus,
1469 1467 1797 1509 sordide-albus.

126 1539 250 1579 Artas
277 1550 320 1578 et
348 1540 505 1580 femora
533 1552 652 1581 extus
682 1541 814 1581 dilute
842 1542 968 1589 fulva,
998 1541 1172 1580 interius
1201 1542 1307 1581 alba.
1377 1542 1503 1581 Pedes
1537 1542 1667 1582 antici
1701 1557 1802 1597 pen-

126 1613 342 1667 tadactyli,
373 1614 539 1668 pollicis
567 1614 718 1655 remoti
745 1631 876 1668 ungue
904 1614 1200 1663 robustissimo,
1231 1615 1405 1664 falcato,
1454 1615 1593 1669 nigro3
1630 1616 1802 1671 reliquis

127 1701 281 1742 ungues
310 1689 493 1729 deerant.
552 1691 698 1729 Gauda
726 1688 1002 1737 villosissima,
1034 1688 1160 1728 etiam
1188 1689 1357 1743 vulpina
1384 1689 1537 1738 laxior,
1567 1690 1665 1744 pilis
1694 1691 1801 1730 rudi-

126 1763 219 1811 bus,
263 1762 348 1801 fere
390 1763 557 1813 ursinis,
601 1763 1035 1818 subsexpollicaribus,
1078 1764 1201 1812 fulva,
1245 1763 1500 1817 longioribus
1542 1764 1639 1819 pilis
1668 1764 1798 1819 nigris

128 1838 391 1887 obumbrata,
438 1838 557 1894 apice
599 1850 686 1879 tota
715 1849 814 1878 atra,
872 1840 1062 1879 Mensura
1100 1837 1260 1894 (pellis)
1291 1854 1314 1878 a
1342 1853 1502 1879 summo
1532 1853 1631 1878 naso
1661 1839 1712 1878 ad
1741 1854 1801 1879 or-

127 1922 215 1951 tum
243 1913 397 1953 caudae
428 1914 474 1954 3'.
505 1918 563 1966 9⁰.
594 1916 662 1956 6¹⁰.
692 1915 845 1954 caudae
876 1914 964 1954 sine
992 1913 1080 1969 pilo
1117 1916 1158 1953 ι’.
1190 1915 1248 1954 δ”.
1279 1917 1349 1954 6”’.
1386 1914 1480 1954 villi
1516 1914 1646 1970 apicis
1685 1930 1803 1954 exsu-

129 1998 274 2040 perant
298 1988 404 2028 ultra
435 1990 494 2030 δ”.
526 2006 549 2030 a
577 2004 736 2030 summo
765 2000 896 2030 rostro
926 1990 978 2028 ad
1007 1989 1149 2029 oculos
1178 1993 1237 2039 4¹2
1269 1991 1320 2030 ad
1350 2004 1463 2029 aures
1494 1992 1551 2030 δ”.
1583 1992 1651 2030 6‘''.
1694 1989 1802 2029 Alti-

129 2061 230 2100 tudo
259 2077 281 2100 a
309 2063 426 2117 spina
454 2066 506 2105 ad
535 2065 668 2106 calces
695 2065 814 2121 pedis
842 2080 864 2105 e
893 2064 1004 2120 pelle
1034 2065 1199 2105 videtur
1233 2064 1356 2104 fuisse
1386 2064 1553 2104 circiter
1588 2074 1630 2104 ι’.
1662 2071 1720 2105 δ”.

265 2171 308 2208 N
314 2181 374 2210 ot.
430 2174 498 2212 An
526 2171 636 2213 huc?
677 2175 813 2227 Lupus
853 2183 985 2213 rostro
1024 2171 1225 2221 acutiore,
1269 2171 1379 2212 collo
1409 2171 1633 2221 albidiore,
1675 2187 1800 2226 quam

133 2244 324 2298 vulgaris,
355 2245 400 2286 in
428 2247 661 2288 Venatione
691 2247 957 2302 Imperatoris
986 2246 1185 2296 Sinensis‚
1215 2245 1327 2286 inter
1363 2247 1583 2303 Antilopas
1620 2258 1800 2302 gutturo-

132 2332 193 2359 sas
236 2324 354 2375 (quas
390 2321 662 2377 insectantur)
704 2333 866 2379 captus,
908 2321 953 2364 in
992 2322 1209 2365 itinerario
1250 2323 1533 2365 Gerbilzoni
1573 2324 1682 2380 apud
1723 2323 1801 2364 Du

132 2395 299 2437 Halde
327 2414 366 2452 p.
398 2403 488 2439 288.

1321 2482 1339 2501 ἢ
