2196 2927
399 212 485 252 254
1167 209 1310 233 ——-.=-··

976 309 1026 360 o
1075 310 1117 361 R
1166 311 1210 360 D
1264 310 1313 360 o
1412 309 1474 362 v.

715 439 1749 513 ANOMALOPODA.

530 653 650 690 Hunc
679 649 787 690 mihi
816 650 1004 692 ordinem
1035 661 1289 705 componunt
1320 664 1470 705 genera
1499 650 1767 705 paucissima,
1806 665 1827 689 a
1857 648 2065 691 methodi-

394 726 453 766 cis
482 726 596 765 varie
626 729 796 779 jactata,
826 737 867 766 et
898 727 948 765 ab
978 725 1048 774 iis,
1089 724 1161 779 qui
1188 723 1447 764 characteres
1476 725 1519 764 in
1550 725 1646 765 solis
1676 726 1849 780 pedibus
1879 725 2065 780 quaesie-

395 812 507 847 runt,
550 800 593 840 in
621 800 801 840 totidem
831 801 915 840 fere
945 799 1132 847 ordines,
1177 809 1279 853 quot
1308 810 1401 838 sunt
1431 813 1602 853 genera,
1647 801 1867 855 discerpta.
1939 799 2067 854 Equi·

394 876 491 916 dem
521 885 668 915 cuncta
698 875 795 915 satis
825 875 935 914 inter
963 889 1005 914 se
1036 874 1256 922 differunt,
1302 874 1610 928 quammaxime
1642 876 1819 915 dentium
1848 885 2063 930 apparatu,

393 951 615 1006 pedumque
644 950 820 997 fabrica,
868 950 940 989 sed
980 960 1119 988 tamen
1162 949 1273 988 inter
1309 963 1350 987 se
1380 949 1557 988 naturali
1586 949 1785 989 affinitate
1816 948 2061 989 cohaerent:

391 1024 601 1079 siquidem
630 1026 956 1080 Hippopotamus
999 1022 1108 1077 (huc
1138 1024 1395 1069 referendus,
1437 1035 1478 1063 et
1509 1023 1646 1078 aliqua
1677 1038 1770 1063 cum
1801 1023 2062 1063 Ruminanti-

392 1100 466 1139 bus
496 1099 732 1139 communia
762 1098 947 1152 habens)
981 1099 1122 1154 generi
1149 1101 1330 1154 Equino,
1367 1099 1507 1153 Equus
1537 1097 1815 1138 Rhinoceroti
1845 1109 1886 1138 et
1916 1112 2064 1152 conge·

390 1174 480 1214 neri
511 1173 831 1229 Hydrochoero‚
877 1185 918 1213 et
962 1173 1008 1213 hi
1051 1176 1177 1214 Suillo
1216 1173 1356 1228 generi
1387 1173 1586 1213 affinitate
1617 1172 1729 1213 haud
1760 1174 1990 1228 spernenda
2020 1183 2062 1212 et

388 1247 535 1288 habitu
564 1253 798 1303 junguntur.
856 1248 1055 1287 Dentium
1086 1259 1223 1287 autem
1251 1248 1294 1286 in
1323 1246 1388 1286 his
1411 1247 1628 1301 generibus
1653 1247 1962 1293 diversitatem,
1991 1261 2060 1302 pe-

390 1324 570 1378 dumque
595 1334 837 1363 structuram
867 1322 1019 1362 nullius
1043 1336 1130 1361 esse
1155 1321 1198 1361 in
1223 1321 1472 1362 contrarium
1500 1321 1713 1377 ponderis,
1746 1323 1893 1376 probat
1917 1337 2060 1361 eorum

389 1398 431 1437 in
463 1398 634 1452 singulis
663 1398 791 1438 etiam
820 1398 1037 1452 generibus
1068 1396 1364 1446 inconstantia,
1421 1408 1465 1436 ut
1504 1395 1549 1436 in
1588 1396 1719 1436 Suillo
1750 1411 1899 1450 genere
1931 1400 1986 1449 (ἢ
2017 1408 2061 1436 et

388 1472 761 1521 Rhinocerotibus,
803 1473 869 1511 vel
900 1471 1186 1526 solidungulae
1215 1471 1425 1511 interdum
1454 1472 1692 1511 observatae
1723 1473 1820 1510 Sues
1850 1483 1893 1511 et
1921 1475 2059 1526 Equus

385 1547 604 1587 Americae
642 1547 823 1587 bisulcus
855 1550 945 1599 (³².)
1017 1546 1222 1586 Omnibus
1264 1557 1403 1585 tamen
1446 1545 1565 1600 hujus
1608 1545 1765 1585 ordinis
1811 1545 2059 1585 animalibus

386 1637 626 1662 communes
656 1634 768 1661 sunt:
812 1626 984 1663 molares
1013 1620 1213 1668 truncati,
1243 1620 1508 1667 trituratorii3
1554 1621 1673 1676 pedes
1702 1620 1907 1675 lingulati,
1953 1620 2057 1675 digi-

386 1696 439 1737 tis
468 1697 705 1737 insistentes
736 1712 757 1735 a
787 1697 1105 1736 Ruminantium
1134 1695 1311 1751 pedibus
1342 1696 1585 1750 plerumque
1616 1695 1788 1741 diversi3
1818 1700 2057 1736 ventriculus

386 1786 597 1811 macerans
627 1786 719 1810 cum
751 1773 844 1812 colo
874 1782 914 1810 et
945 1786 1072 1811 coeco
1104 1769 1386 1825 amplissimis;
1430 1773 1651 1809 claviculae
1695 1770 1852 1809 sceleto
1895 1770 2055 1818 nullae;

385 1856 524 1901 partus
555 1861 577 1884 a
606 1845 826 1886 nativitate
856 1847 1081 1901 perfeetus3
1119 1850 1248 1884 victus
1278 1843 1544 1898 vegetabilis,
1576 1853 1679 1882 caet.

448 2014 503 2058 (*)
533 2015 632 2056 Aper
658 2014 882 2057 aethiopicus
909 2013 1069 2057 (spicilfg.
1099 2012 1189 2047 2001.
1220 2012 1310 2047 Pasc.
1338 2009 1430 2053 HA,
1460 2012 1696 2044 confirmante
1717 2014 1823 2044 etiam
1847 2009 1913 2045 Οἱ.
1942 2009 2053 2046 Cam-

527 2084 596 2118 per
622 2075 719 2115 (Act.
749 2079 836 2107 suasi.
865 2072 948 2107 Pftr.
976 2078 1028 2107 Η.
1055 2084 1088 2117 p.
1122 2074 1228 2115 222.)
1267 2072 1483 2115 primoribus
1509 2073 1675 2104 dentibus
1704 2075 1825 2119 utique
1853 2077 1968 2114 caret,
2010 2073 2053 2106 de

529 2146 598 2182 quo
633 2135 863 2166 dubitaverat
895 2133 999 2166 Amic.
1030 2131 1208 2166 Pemzant
1247 2130 1344 2174 (Syn.
1370 2133 1481 2174 quadr.
1513 2142 1534 2175 p
1576 2133 1665 2175 7=-)·
1722 2130 1760 2165 In
1787 2133 1912 2164 eodem
1941 2134 2053 2164 mola-

530 2205 586 2226 res
616 2195 688 2226 fere
717 2194 959 2236 elephantini,
990 2198 1145 2236 quatuor
1173 2196 1206 2224 in
1235 2195 1457 2231 universum,
1486 2204 1592 2237 quim
1616 2195 1650 2223 in
1673 2192 1812 2234 vulgari
1839 2202 1894 2225 20.
1923 2193 2051 2233 adsint,

528 2255 747 2286 tzntmdem
778 2256 812 2285 in
839 2254 1060 2298 Babymssa,
1093 2255 1128 2284 in
1161 2255 1192 2286 S.
1220 2254 1365 2297 Tajassu
1394 2253 1450 2294 24.
1492 2253 1622 2284 Ditiert
1654 2254 1762 2284 etiam
1791 2254 1852 2283 Sus
1879 2252 2055 2284 africanus

527 2314 621 2346 alter
647 2314 806 2346 dentium
834 2324 992 2346 numero.

447 2406 517 2449 (⁶⁶)
543 2408 661 2456 Equus
689 2410 839 2452 pedibus
864 2408 1030 2451 bisulcis,
1063 2406 1217 2443 Molina
1244 2408 1317 2440 hist.
1346 2413 1414 2439 nat.
1445 2404 1531 2440 Chili
1556 2417 1590 2450 p.
1621 2412 1700 2445 284.
