2196 2927
385 165 473 209 226
1144 175 1287 199 m

509 274 672 316 Annosi
710 273 807 315 satis
850 272 1041 315 animalis
1079 284 1203 329 caput
1247 271 1372 314 fuisse
1414 271 1600 324 videtur,
1644 271 1783 330 gibbis
1821 276 1865 317 in
1895 277 2049 318 dorsali

374 348 481 392 facie
513 349 693 399 octonis,
725 349 1053 391 evidentissimis
1083 350 1300 392 nodosum.
1359 350 1442 391 Sed
1472 350 1621 390 dantur
1643 365 1739 392 cum
1767 352 2054 394 numerosiori-

372 426 467 475 bus,
498 426 549 465 ad
578 427 679 465 XVI
708 436 751 466 et
778 426 898 465 ultra.

379 535 490 575 123.
580 528 928 574 AEGOCER
946 532 1025 574 OS
1084 533 1315 588 Aegagrus
1363 531 1492 574 TAB.
1524 531 1649 575 XVI.
1679 537 1722 576 et
1748 533 1844 588 big.
1873 536 1916 580 3.
1943 540 1989 583 A„
2016 542 2059 577 5.

518 615 571 651 A.
624 611 817 654 cornibus
867 613 1113 669 compressis
1132 644 1143 664 ,
1207 612 1392 669 rugosis,
1454 614 1576 654 dorso
1628 613 1824 654 carinatis
1844 645 1855 664 ‚
1911 615 2057 655 obtuse

377 686 573 728 dentatis.

593 766 825 818 Aegagrus,
859 763 961 804 Pall.
990 765 1129 819 Spicil.
1161 762 1277 804 Zool.
1301 766 1410 817 fasc-
1439 764 1513 803 XI.
1544 779 1583 819 p.
1601 771 1666 814 43.
1698 764 1780 804 tab.
1799 772 1836 806 5.
1857 767 1942 820 fig.
1965 783 2000 806 2.
2019 771 2057 807 3.

647 838 854 892 (cranium
883 853 977 879 cum
1009 839 1235 892 cornibus).
1294 839 1496 879 Schreber.
1527 842 1734 880 mammal.
1768 839 1816 879 V.
1847 840 1931 881 tab.
1964 847 2057 882 282.

594 913 728 970 Capra
757 915 990 969 Aegagrus,
1023 915 1192 954 Gmelin.
1222 925 1326 968 sy‘st.
1358 914 1446 953 Lin.
1474 915 1507 952 I.
1539 930 1578 968 p.
1615 921 1700 964 193·
1731 930 1793 970 sp.
1833 931 1867 955 1.

594 988 870 1044 Capricerva,
901 990 1129 1044 Kaempfer.
1162 1005 1317 1030 amoen.
1348 1006 1387 1045 p.
1420 995 1510 1040 398.
1541 987 1626 1029 tab.
1657 997 1696 1040 4.
1727 1005 1765 1030 η.
1802 1006 1836 1029 1.

593 1063 818 1112 Steinbok,
851 1065 1058 1119 Ridinger.
1087 1066 1237 1119 Jagclb.
1269 1065 1316 1105 V.
1346 1065 1425 1105 No.
1457 1080 1524 1117 71.

591 1138 825 1187 Caucasan,
855 1138 975 1180 Pemz.
1005 1142 1096 1180 hist.
1128 1141 1270 1196 quadr.
1304 1156 1341 1194 p.
1375 1147 1440 1181 51.
1472 1156 1509 1179 η.
1547 1148 1607 1190 14.

483 1212 598 1253 Indis
626 1215 844 1254 Boh-aeri.
902 1214 1034 1253 Persis
1049 1216 1219 1268 Pczseng.
1268 1214 1447 1268 Dugoris
1473 1211 1647 1255 Caucasi
1662 1214 1878 1255 sabaudia
1899 1215 2059 1269 (forte).

511 1287 684 1328 Animal
726 1287 770 1327 in
814 1288 1018 1337 Caucaso,
1062 1287 1310 1343 alpestribus
1347 1287 1536 1338 Persiae,
1580 1289 1718 1328 Tauro
1755 1300 1797 1328 et
1826 1282 1943 1330 Imao
1973 1304 2057 1330 non

374 1362 637 1418 infrequens,
670 1378 800 1418 aeque
829 1363 914 1402 fere
944 1363 1189 1419 alpicolum,
1221 1375 1267 1403 ut
1298 1366 1422 1413 Ibex,
1453 1378 1548 1403 cum
1582 1377 1715 1417 eoque
1743 1364 1794 1403 ab
1818 1363 2057 1406 auctoribus

374 1436 498 1494 saepe
528 1439 762 1488 confusum,
809 1436 974 1478 videtur
1003 1438 1131 1477 etiam
1168 1437 1213 1477 in
1250 1437 1465 1487 Helvetia,
1511 1437 1732 1493 Pyrenaeis
1762 1450 1805 1478 et
1835 1438 1960 1480 Creta
1990 1440 2056 1480 In-

373 1510 462 1553 sula
491 1512 627 1552 adhuc
656 1527 890 1568 superesse,
921 1523 963 1553 et
990 1511 1079 1553 sine
1109 1512 1238 1553 dubio
1267 1513 1537 1569 praecipuam
1565 1513 1772 1566 originem
1811 1512 1931 1553 dedit
1959 1514 2058 1555 Hir-

370 1603 419 1629 co
449 1594 491 1627 et
521 1589 668 1644 Capris
696 1589 948 1638 domesticis,
991 1603 1096 1643 quae
1127 1599 1280 1628 statura
1310 1600 1352 1629 et
1392 1588 1587 1629 cornibus
1623 1587 1729 1628 illud
1768 1587 1958 1644 apprime
1995 1603 2057 1630 re-

371 1664 531 1711 ferunt;
570 1675 612 1703 et
642 1665 692 1704 ab
722 1664 874 1704 eodem
905 1663 1109 1712 cicurato,
1155 1679 1248 1703 cum
1280 1663 1406 1703 Ibicis
1436 1664 1553 1718 prole
1592 1663 1744 1704 eodem
1786 1663 1872 1703 fato
1915 1664 2056 1704 dome-

371 1737 477 1778 stica
512 1737 676 1777 reddita
711 1737 1018 1778 adulteratione
1053 1735 1098 1778 in
1133 1735 1318 1793 speciem
1356 1737 1560 1778 factitiam
1603 1735 1758 1778 sensim
1800 1736 2056 1792 multiplica-

368 1820 459 1852 tum
489 1823 550 1851 est
580 1812 796 1868 caprinum
824 1826 972 1867 pecus,
1017 1813 1128 1866 quod
1157 1824 1327 1867 propter
1354 1810 1615 1866 primitivam
1645 1809 1820 1865 originis
1852 1811 2053 1867 ambigui-

368 1895 519 1937 tatem,
548 1901 624 1942 per
652 1887 822 1928 climata
851 1898 894 1927 et
921 1888 1095 1927 effectus
1127 1898 1249 1941 atque
1279 1898 1419 1942 partus
1448 1885 1641 1927 fortuitos
1664 1885 1723 1927 ita
1748 1886 1955 1928 variatum
1979 1897 2054 1937 est,

369 1962 492 2017 quale
522 1973 621 2018 aput
650 1961 833 2003 diversas
861 1972 1004 2016 gentes
1034 1960 1162 2002 hodie
1200 1961 1395 2002 occurrit.

503 2074 674 2115 Descr.
733 2073 1010 2116 curiosissimi
1049 2072 1169 2128 hujus
1200 2073 1394 2113 animalis
1421 2083 1584 2114 tantum
1612 2084 1856 2129 sequentem
1884 2074 2050 2130 perbre-

367 2163 464 2190 vem
495 2160 537 2189 et
566 2148 854 2205 imperfectam
881 2149 1241 2190 adumbrationem
1268 2148 1439 2203 reliquit
1463 2150 1636 2204 Collega
1659 2151 1870 2204 quondam
1894 2160 2047 2198 noster,

366 2225 490 2265 Sam.
522 2226 653 2265 Gocl.
684 2227 895 2275 Gmelin‚
924 2225 1035 2265 inter
1064 2229 1178 2279 cujus
1209 2223 1383 2265 schedas
1413 2235 1456 2264 et
1486 2227 1655 2265 Irouem
1685 2224 1974 2280 imperfectam
2002 2232 2049 2262 et

366 2299 551 2339 cranium
579 2299 770 2341 animalis
800 2316 893 2341 cum
923 2300 1115 2342 cornibus
1145 2300 1256 2340 inter
1284 2300 1406 2340 missa
1437 2302 1487 2341 ab
1517 2302 1666 2340 colem
1697 2299 1857 2340 curiosa
1887 2296 2049 2338 inveni,

364 2373 602 2429 Descriptio
632 2375 732 2431 ipsis
762 2378 949 2433 ejusdem
983 2376 1120 2418 verbis
1156 2377 1320 2417 reddita
1361 2376 1419 2417 sic
1456 2388 1593 2417 sonat:
1636 2377 1805 2416 Azimal
1835 2373 2047 2427 „Capram
