2196 2927
454 187 538 230 “63
1214 195 1358 219 Ξ

615 294 838 348 Chartugh,
895 292 1099 350 Tungusis
1129 295 1253 333 Xmin
1281 304 1323 333 et
1352 293 1806 348 Haramaldyon-Jaeg
1835 295 1880 347 (i.
1905 311 1941 337 e.
1962 298 2129 337 Tetrao-

613 369 705 410 nius
747 368 1002 424 Accipiter).
1070 369 1256 409 Lamutis
1299 369 1458 409 Geekan
1501 368 1569 408 vel
1609 369 1864 410 Jaektschan.
1934 372 2128 413 Coraecis

617 447 1095 499 Inytschan-tylmytyl.
1163 443 1495 486 Camtschadalis
1531 445 1768 498 Schyschy5
1809 445 1982 486 Ukinzis
2012 449 2126 488 albus

612 522 1136 574 Gylha-schangyschan,
1187 536 1311 561 canus
1360 519 1747 560 Tschetschimdsch.
1818 521 1970 562 Curilis
2012 523 2126 562 albus

611 597 820 649 Kykisup;
849 595 1148 649 Japonensibus
1178 597 1353 651 cmlagbz.

584 670 859 711 Nobilissima
888 669 931 708 in
961 669 1042 710 hoc
1071 685 1221 724 genere
1252 672 1357 719 avis,
1402 685 1476 727 per
1516 684 1684 711 ornnem
1729 671 1918 711 Rossiam
1948 683 1990 712 et
2019 671 2125 712 Sibi-

449 745 550 785 riam
582 747 772 800 frequens
801 755 883 793 est,
916 745 1044 784 etiam
1073 744 1117 785 in
1147 746 1330 786 maxime
1361 746 1618 795 borealibus,
1649 747 1759 785 unde
1789 757 1928 786 tamen
1953 759 2123 802 urgente

448 822 590 860 bruma
621 820 811 866 decedit,
842 830 986 859 contra
1014 819 1058 859 in
1088 819 1452 875 temperatioribus
1479 831 1567 860 tota
1596 819 1750 875 hyeme
1779 836 1993 876 praesens,
2034 834 2123 867 tum

450 896 670 935 venatione
699 899 951 935 Tetraonum
982 894 1151 942 vivens,
1189 906 1277 935 tum
1323 894 1433 935 circa
1474 910 1600 950 pagos
1629 897 1944 950 praedabundus
1973 908 2014 937 et
2045 899 2122 938 Co-

446 969 598 1010 lumbis
629 970 810 1010 maxime
840 968 1027 1010 infestus.
1099 972 1168 1010 Ad
1198 970 1484 1010 Falconariam
1523 969 1788 1010 venationem
1818 982 1859 1010 et
1888 972 2068 1024 juniores
2098 987 2121 1012 e

445 1044 553 1084 nidis
585 1048 841 1095 auferuntur,
885 1056 927 1084 et
974 1045 1106 1084 adulti
1144 1045 1363 1100 capiuntur
1400 1046 1582 1100 adligata
1613 1044 1732 1084 humi
1763 1045 1965 1086 Columba
2010 1045 2118 1097 viva,

446 1119 510 1160 cui
549 1120 592 1160 in
629 1120 798 1161 furculis
842 1121 935 1160 laxe
980 1121 1322 1175 superobtensum
1365 1131 1473 1170 rete,
1517 1136 1599 1176 quo
1641 1120 1797 1160 irruens
1838 1121 1882 1160 in
1925 1122 2121 1176 praedam

448 1198 568 1235 Astur
598 1195 837 1250 implicatur
866 1207 908 1235 et
938 1194 1095 1234 haeret.
1154 1195 1539 1235 Aestumatissimus
1571 1207 1710 1235 autem
1733 1206 1794 1234 est
1815 1195 2006 1250 proxime
2028 1206 2121 1250 post

444 1270 663 1316 Falcones‚
695 1273 745 1309 ad
775 1269 1065 1316 venationem,
1104 1281 1151 1309 et
1179 1281 1264 1309 tam
1294 1270 1404 1310 inter
1439 1270 1600 1310 nobiles
1631 1273 1800 1318 Bessos,
1846 1285 1968 1324 quam
1998 1273 2118 1309 Tata-

444 1342 517 1390 ris,
548 1344 781 1384 Calmuccis
811 1355 854 1384 et
883 1343 1121 1384 Baschkiris
1150 1343 1194 1384 in
1224 1343 1384 1384 honore
1414 1356 1497 1394 est,
1545 1344 1728 1384 maxime
1758 1343 1800 1383 in
1830 1344 2003 1393 Tauria,
2047 1344 2120 1384 ubi

443 1418 644 1458 Falcones
674 1420 906 1459 desunt.—
937 1422 974 1458 V
974 1425 1122 1460 arictas
1151 1420 1264 1468 alba,
1309 1418 1673 1468 aestumatissima‚
1717 1419 1846 1459 rarius
1877 1419 1987 1459 circa
2017 1422 2116 1459 Ura-

440 1493 575 1533 lenses
606 1505 786 1545 montes,
830 1494 1087 1549 frequentius
1128 1494 1171 1534 in
1213 1494 1407 1535 orientali
1451 1493 1602 1534 Sibiria
1642 1505 1684 1534 et
1712 1494 1892 1549 vulgaris
1921 1494 1965 1533 in
1996 1494 2113 1534 Cam-

442 1567 644 1618 tschatca‚
679 1584 773 1609 cum
803 1570 1055 1624 Gyrfalcone
1087 1570 1203 1619 albo,
1236 1571 1496 1617 observatur;
1526 1568 1631 1609 haec
1661 1569 1795 1624 prima
1826 1580 1960 1609 aetate
1986 1570 2114 1609 albes-

438 1657 556 1693 cens,
588 1643 756 1691 naevia‚
787 1656 922 1685 aetate
951 1656 1039 1684 tota
1069 1645 1247 1685 candida
1277 1645 1418 1686 evadit
1447 1656 1490 1685 et
1518 1646 1569 1685 ad
1600 1644 1866 1684 venationem
1889 1644 2111 1684 fortissima

439 1716 629 1761 habetur.
695 1723 811 1759 Hanc
848 1719 1015 1763 videtur
1057 1719 1236 1760 voluisse
1278 1721 1366 1760 Joh.
1397 1721 1524 1759 Bell.
1569 1723 1763 1767 (itinerar.
1794 1722 1825 1759 I.
1872 1720 1966 1759 edit.
2005 1723 2109 1772 gall.

436 1810 474 1846 p.
507 1798 618 1845 394.)
649 1808 670 1832 e
701 1793 870 1846 regione
901 1796 1032 1833 Amur
1061 1795 1100 1832 Η.
1130 1793 1174 1832 in
1203 1794 1341 1837 aulam
1371 1797 1476 1849 Imp.
1494 1792 1766 1834 Chinensium
1796 1792 1943 1832 adferii
1966 1793 2110 1832 visam.

434 1867 564 1907 Nidos
599 1866 643 1912 in
681 1866 892 1907 arboribus
934 1867 1174 1907 celsissimis
1218 1881 1349 1921 aeque
1391 1882 1437 1907 ac
1482 1867 1650 1921 rupibus
1693 1867 1912 1907 inaccessis
1953 1868 2108 1907 condit.

432 1942 613 1981 Iuniores
641 1942 814 1981 clamosi
842 1953 957 1991 sunt,
989 1953 1034 1981 ut
1063 1953 1105 1981 et
1133 1941 1312 1986 feminae
1323 1959 1333 1989 3
1375 1946 1567 1987 masculis
1603 1942 1754 1984 adultis
1785 1957 1866 1982 vox
1896 1958 2005 1989 rara,
2047 1941 2109 1981 hi-

432 2031 512 2071 que
542 2015 725 2055 maxime
763 2015 953 2070 generosi
994 2015 1220 2065 habentur,
1266 2027 1309 2061 et
1349 2027 1396 2056 ut
1435 2016 1607 2057 Psittaci
1649 2018 1771 2057 facile
1814 2016 2109 2072 dignoscuntur

433 2106 502 2141 eo,
534 2090 568 2132 si
598 2091 732 2145 digito
760 2106 835 2147 per
864 2093 1029 2132 dorsum
1059 2090 1289 2131 demulceri
1318 2107 1401 2132 non
1430 2092 1622 2147 patiatur.

567 2167 737 2206 Descr.
802 2184 834 2206 1.
864 2167 1009 2206 Adulti
1037 2165 1235 2221 perfecti:
1280 2166 1527 2221 Magnitudo
1558 2167 1768 2222 gallinae3
1812 2167 1969 2222 pondus
2005 2181 2103 2206 mas-

432 2240 535 2282 culis
581 2240 726 2281 bilibri
767 2242 891 2296 paulo
935 2245 1085 2295 majUS‚
1129 2241 1294 2281 feminis
1337 2240 1529 2282 maximis
1571 2257 1692 2297 saepe
1727 2243 1812 2281 fere
1849 2240 2101 2296 quadrilibre

435 2317 535 2364 (hb.
568 2323 605 2356 3.
636 2331 729 2356 unc.
761 2334 799 2368 9.
829 2314 998 2368 habui).
1057 2318 1159 2357 Cera
1190 2317 1421 2363 virescens,
1452 2318 1503 2356 ad
1534 2331 1649 2356 nares
1673 2328 1814 2357 ovatas
1835 2316 1980 2371 pilosa.
2030 2316 2100 2353 Iri-

431 2391 499 2429 des
528 2389 800 2430 citreoflavae.
889 2395 1049 2431 Vertex
1078 2391 1212 2431 fuscus
1243 2391 1402 2432 cinctus
1432 2405 1569 2431 versus
1598 2391 1766 2446 occiput
1794 2389 1947 2431 corolla
1976 2387 2098 2443 nigri—
