2196 2927
905 174 1049 200 Q
1725 178 1809 218 229

133 276 221 318 lum
248 286 484 318 constanter
513 286 697 323 servant,
741 289 823 316 non
867 276 1001 318 solum
1041 274 1085 315 in
1123 276 1300 318 Taurica
1332 274 1622 326 Chersoneso,
1666 276 1738 320 ubi
1767 288 1808 323 et

131 367 231 407 pura
261 352 385 408 stirps
413 362 456 393 et
483 350 578 393 cum
608 350 740 405 capris
770 350 936 391 feminis
980 350 1217 405 vulgaribus
1260 352 1461 393 comissae
1492 355 1588 395 satis
1625 355 1809 411 eleganti

131 426 219 482 pilo
248 438 494 482 generantur
505 446 515 476 3
552 427 624 466 sed
654 425 781 464 etiam
809 424 853 464 in
884 423 1111 464 Esthoniae
1142 425 1314 480 praedio
1343 428 1578 479 Jervakant,
1625 431 1675 471 ab
1705 432 1806 471 urbo

130 503 285 543 Per-nau
314 505 460 543 decem
489 499 735 541 milliaribus
765 498 931 546 dissito,
962 510 1056 540 ante
1085 501 1236 540 multos
1268 516 1394 540 annos
1425 502 1684 544 introductae
1711 504 1805 545 cha-

129 588 329 618 racterem
357 578 512 617 formae
543 585 754 616 servarunt
784 585 827 614 et
855 574 1017 615 villum.
1075 578 1166 616 ,Iam
1197 574 1380 630 antiquis
1409 578 1665 632 temporibus
1695 578 1804 621 hanc

129 651 306 708 Capram
334 651 377 691 in
409 650 606 692 Anatolia
636 649 815 704 viguisse
853 660 979 689 testes
1010 661 1104 691 sunt
1141 651 1343 692 Plinius
1372 653 1430 704 (ἢ
1461 662 1503 691 et
1532 653 1803 696 Aelianus.

127 726 235 768 Mihi
264 725 418 766 nobilis
448 725 552 766 haec
583 726 704 781 stirps
742 736 913 780 propter
957 725 1111 765 formae
1155 726 1379 766 anomalias
1420 725 1551 766 varias
1582 739 1625 767 et
1654 744 1806 769 cornua

124 801 368 856 praesertim
398 800 605 856 spiraliter
633 800 678 840 in
708 799 919 840 diversum
960 812 1149 842 contorta
1179 800 1408 841 accessorio
1438 803 1619 857 quodam
1650 804 1804 844 adulte-

125 875 187 915 rio
238 887 438 931 prognata
490 875 674 931 videtur,
736 874 910 917 forsitan
960 892 983 916 a
1032 877 1201 917 domato
1266 879 1485 919 Musmone
1530 892 1626 918 cum
1670 879 1802 935 Capra

124 949 226 992 olim
257 962 464 1005 generata.

213 1044 337 1085 125.
429 1044 471 1085 A
502 1043 540 1086 E
570 1041 612 1085 G
641 1043 682 1085 O
713 1040 753 1086 C
781 1043 820 1085 E
854 1043 893 1085 R
920 1043 962 1085 O
991 1043 1018 1085 S
1074 1044 1308 1087 Ammon.
1366 1043 1515 1087 TAB.
1570 1044 1718 1088 XVII.

491 1142 615 1176 mas,
677 1128 844 1170 XVIII.
889 1123 1051 1187 foem.
1108 1134 1159 1171 et
1212 1130 1325 1184 th.
1386 1132 1429 1172 6.

256 1201 350 1237 ΑΕ.
379 1197 573 1238 cornibus
603 1199 748 1238 obtuse
777 1197 1015 1253 triquetris,
1044 1199 1243 1248 arcuatis,
1274 1199 1411 1241 antice
1435 1201 1799 1257 rugoso-nodosis,

121 1271 271 1327 nigris,
300 1272 508 1313 foeminae
538 1272 754 1313 subulatis.

339 1348 474 1402 Capra
501 1347 734 1395 caucasica,
764 1349 1027 1391 Gic’ldenst.
1066 1350 1161 1391 Act.
1191 1351 1311 1391 acad.
1339 1351 1499 1405 Petrop.
1530 1352 1605 1390 III.
1635 1368 1676 1406 p.
1707 1357 1800 1404 273.

391 1423 475 1463 tab.
513 1430 572 1464 16.
608 1440 668 1475 17.
698 1425 900 1465 Schreber.
928 1429 1137 1467 mammal.
1167 1427 1216 1466 V.
1248 1426 1332 1466 tab.
1357 1432 1449 1467 281.
1479 1427 1528 1465 Β.
1561 1426 1799 1479 (foemina).

272 1497 445 1538 Animal
486 1497 674 1539 omnium
715 1498 898 1554 primum
940 1501 1155 1543 detectum
1196 1516 1220 1540 a
1260 1501 1499 1555 diligentiss.
1539 1518 1577 1555 p.
1607 1518 1661 1542 m.
1691 1502 1799 1541 Gul-

118 1572 468 1619 denstaedcio,
513 1583 554 1612 et
585 1573 635 1613 ab
665 1574 815 1614 eodem
844 1573 1004 1629 optime
1041 1574 1298 1631 descriptum
1333 1574 1655 1614 verosimillime
1682 1589 1797 1630 prae-

118 1658 181 1689 ter
209 1646 383 1687 Caucasi
413 1647 630 1688 cacumina
659 1663 782 1689 omne
807 1648 934 1689 Tauri
962 1653 1106 1705 jugum
1131 1660 1175 1689 et
1198 1660 1391 1690 extensas
1418 1664 1492 1704 per
1520 1649 1665 1690 Asiam
1694 1661 1796 1690 tem-

116 1733 303 1779 peratam
331 1733 373 1762 et
402 1723 623 1765 australem
653 1724 766 1779 alpes
796 1723 915 1764 colit.
973 1724 1056 1765 Sed
1085 1722 1304 1765 hominum
1333 1723 1489 1779 ubique
1517 1725 1796 1779 frequentiam

116 1798 299 1853 fugiens,
328 1798 372 1839 in
403 1798 584 1840 maxime
616 1797 708 1839 avia
738 1809 779 1838 et
808 1797 1019 1839 inaccessa
1048 1798 1203 1839 sensim
1231 1798 1423 1850 recessit,
1466 1810 1508 1841 et
1536 1815 1560 1839 a
1588 1799 1797 1841 venatori-

116 1875 210 1924 bus,
247 1884 292 1915 ut
322 1875 425 1914 Ibex
454 1885 496 1915 et
523 1876 737 1929 Aegagrus
765 1873 899 1930 magis
926 1873 1144 1930 magisque
1170 1873 1414 1931 extirpatur.

252 1951 294 1989 N
302 1959 398 1990 ota.
455 1948 742 2004 Descriptioni
772 1949 1194 1990 Guldenstaedtit
1227 1948 1339 1990 nihil
1367 1948 1650 2004 adjiciendum
1678 1949 1794 1991 inve·

117 2024 210 2074 nio,
240 2023 382 2064 icones
410 2034 574 2074 tamen,
604 2038 682 2078 pro
708 2022 1019 2078 comparatione
1049 2022 1347 2063 rarissimarum
1370 2035 1412 2063 et
1431 2023 1617 2064 affinium
1637 2023 1793 2079 specie-

116 2114 208 2141 rum
237 2099 388 2138 addere
418 2097 553 2147 volui,
591 2113 689 2153 quas
725 2099 864 2138 forsan
898 2097 1125 2153 aliquando
1159 2096 1380 2142 hominum
1408 2096 1559 2138 infesta
1587 2097 1792 2139 industria

119 2189 142 2217 e
171 2189 308 2215 rerum
336 2184 479 2213 natura
506 2172 676 2213 omnino
706 2172 908 2229 expellet.

165 2316 221 2364 (²⁸)
273 2315 362 2351 Hist.
393 2322 459 2348 nat.
489 2313 564 2348 Lib.
591 2310 694 2349 Vm.
723 2325 790 2359 cap.
823 2318 881 2354 76.
910 2316 978 2357 „In
1004 2315 1152 2356 efficia,
1179 2316 1347 2358 circaque
1363 2319 1481 2361 syrtes
1509 2316 1671 2362 (caprae)
1699 2313 1792 2349 villo

276 2375 431 2419 „tonsili
457 2378 709 2410 vestiuntur.“
761 2373 897 2410 Aeliam
929 2376 1022 2410 anim.
1046 2374 1120 2410 Lib.
1147 2372 1260 2411 XVI.
1287 2385 1357 2420 cap.
1386 2388 1468 2418 300*
