2196 2927
866 182 1010 207 ..Ξ-
1680 182 1760 227 381

232 285 377 326 Nota.
435 284 596 326 Pondus
625 282 751 338 vulgo
787 282 1064 338 quadrilibre‚
1110 282 1177 322 vel
1223 283 1370 326 minus.
1441 287 1583 340 Cystis
1625 287 1762 335 fellea,

98 375 221 417 quam
248 363 402 417 Rajus
432 362 613 415 amplam
643 359 770 409 dixit,
817 372 937 412 saepe
978 371 1059 396 non
1089 358 1322 412 conspicua.
1393 362 1560 402 Coi-acis
1588 369 1763 403 varietas

96 442 138 487 β.
169 451 272 491 quae
304 436 460 476 Corvus
498 432 695 473 faroensis
740 434 968 478 Wormii‚
1011 432 1179 471 Ascanii
1224 437 1326 472 icon.
1369 436 1452 475 tab.
1493 444 1530 476 8.
1586 439 1763 478 Brisson.

97 514 239 552 ornith.
269 514 435 565 suplem.
473 524 568 563 pag.
600 515 664 549 33.
703 524 740 547 η.
785 525 844 546 11.
882 505 1054 546 Tobolii
1095 521 1117 545 a
1159 507 1249 547 Cel.
1292 509 1336 547 P.
1369 511 1492 549 Fallz
1536 514 1761 553 observata.

95 589 270 628 Corvum
299 587 436 627 album
463 583 507 623 in
537 582 682 622 Russia
710 581 791 622 hoc
828 581 993 622 saeculo
1022 580 1242 635 aliquoties
1272 583 1445 637 protulit
1473 596 1627 626 natura.
1686 590 1764 627 Ex-

94 673 153 702 tat
197 661 371 701 varietas
414 662 644 705 maculosa,
687 656 844 697 Ircutio
886 655 1029 704 missa,
1070 656 1114 696 in
1156 658 1297 698 Museo
1338 659 1645 700 Academiae
1688 663 1759 701 Pe-

94 740 459 792 tropolitanae.

501 808 587 860 43.
680 800 719 845 C
749 802 789 843 O
819 802 856 844 R
885 802 928 844 V
956 801 998 843 U
1026 802 1054 843 S
1144 803 1364 845 Corone.

228 876 275 916 C.
305 886 415 915 totus
446 874 683 915 coerulante
713 883 824 920 ater,
867 873 997 913 cauda
1026 874 1246 914 rotundata
1288 873 1596 930 remigibusque
1638 874 1766 917 viridi

93 948 335 990 nitentibus.

309 1025 468 1067 Cornix
499 1036 731 1074 auctorum,
774 1023 911 1064 Albin.
943 1040 1008 1064 av.
1038 1026 1091 1063 II.
1134 1040 1231 1081 pag.
1263 1041 1326 1065 20.
1365 1025 1448 1065 tab.
1481 1043 1544 1066 21.
1585 1027 1763 1067 Brisson.

363 1103 505 1141 ornith.
537 1102 590 1140 ΙΙ.
622 1115 717 1155 pag.
756 1115 814 1139 12.

308 1178 366 1214 La
397 1175 630 1219 Corneille,
659 1174 924 1214 D'azcbenton.
955 1178 1058 1215 icon.
1088 1178 1164 1216 col.
1196 1191 1232 1216 η.
1264 1183 1357 1226 483.
1387 1178 1548 1230 Buffon.
1579 1192 1662 1218 orn.
1686 1179 1761 1217 HI.

361 1266 457 1305 pag.
489 1257 557 1299 45.
585 1249 668 1288 tab.
701 1256 738 1289 3.

307 1325 464 1365 Corvus
496 1325 658 1366 Corone
688 1326 776 1363 Lin.
805 1333 910 1377 syst.
940 1325 972 1364 I.
1015 1340 1055 1380 p.
1093 1331 1177 1367 155.
1207 1340 1268 1380 sp.
1300 1333 1339 1368 3.
1380 1329 1567 1368 Latham.
1608 1343 1700 1383 syn.
1729 1329 1768 1368 Ι.

363 1416 458 1454 pag.
491 1407 582 1452 370.
612 1415 650 1438 η.
683 1406 719 1439 3.

199 1475 369 1516 Rossice
404 1476 647 1531 Tschernaja
676 1476 716 1513 V
713 1476 836 1514 ονόηα
845 1504 856 1521 ‚
885 1474 928 1514 in
960 1474 1112 1516 Sibiria
1141 1477 1352 1517 Graatsch.
1384 1478 1574 1519 (nomine
1605 1480 1652 1521 C.
1673 1480 1765 1532 ftu-

247 1554 387 1604 gilego
414 1550 604 1605 proprio,
635 1550 707 1605 qui
736 1548 798 1589 ibi
827 1550 963 1590 nullus
992 1551 1146 1602 datur).
1203 1552 1358 1592 Jacutis
1386 1555 1578 1599 Duraak5
1616 1557 1763 1594 Lamu-

252 1625 306 1665 tis
340 1627 502 1665 Turdki.
560 1625 747 1665 Euraetis
781 1626 945 1666 Turlak.
1005 1625 1191 1667 Coibalis
1220 1628 1337 1667 Bcire.
1386 1628 1566 1669 Ostiacis
1595 1629 1767 1669 Ai-Ko-

254 1703 359 1740 lach.
419 1699 611 1741 Coraecis
640 1701 978 1740 Nimella-ue‘lle.
1038 1701 1370 1742 Camtschadalis
1393 1705 1681 1758 Kaeugt'clkak3
1712 1705 1763 1744 ad

253 1774 471 1828 Bolschaja
501 1776 595 1814 fluv.
627 1777 808 1815 Kdutsch
837 1776 904 1815 vel
933 1777 1181 1817 Koellutsch.

226 1854 273 1890 In
305 1850 470 1899 Russia,
502 1850 583 1890 nisi
612 1850 865 1896 borealiore,
910 1849 983 1890 vix
1013 1866 1182 1906 usquam
1213 1853 1413 1902 occurrit3
1458 1865 1601 1895 contra
1630 1854 1673 1893 in
1705 1854 1763 1894 Si·-

92 1924 197 1965 biria
227 1925 439 1975 orientali,
470 1925 542 1965 ubi
566 1925 722 1966 Cornix
747 1924 900 1964 sensim
923 1925 1087 1972 deficit,
1117 1927 1402 1982 copiosissima
1425 1928 1535 1968 circa
1556 1930 1763 1968 Jeniseam

93 2001 187 2039 fluv.
217 2010 259 2040 et
286 2000 412 2047 ultra,
456 2015 477 2039 a
514 1999 696 2038 Dauuria
725 1998 928 2038 Jaeutiam
957 2015 1106 2054 usque,
1152 2012 1194 2041 et
1222 2002 1320 2042 inde
1362 2002 1567 2043 orientem
1609 2017 1762 2052 versus,

92 2089 165 2130 per
194 2089 358 2114 omnem
389 2088 551 2128 quoque
582 2071 916 2113 Camtschatcam
955 2075 1159 2129 fre-quens.
1230 2080 1277 2115 In
1306 2077 1435 2131 sylvis
1464 2087 1617 2117 aestate
1647 2075 1762 2117 habi-

91 2160 174 2197 ταῖς
219 2148 372 2203 hyeme
416 2150 465 2188 ad
503 2162 628 2202 pagos
658 2159 700 2188 et
728 2148 881 2203 oppida
911 2149 1096 2202 gregaria
1139 2152 1313 2191 accedit.
1385 2155 1431 2191 In
1472 2151 1765 2194 Camtschatea

93 2227 232 2267 albam
274 2223 406 2263 visam
448 2225 951 2275 Crascheninicofius
992 2224 1175 2279 prodidit
1219 2237 1261 2265 et
1299 2238 1442 2267 extant
1470 2231 1555 2282 ejus
1585 2227 1762 2269 exuviae

93 2302 137 2342 in
168 2302 307 2340 Museo
337 2299 642 2338 Academiae
671 2299 1011 2352 Petropolzsstanae‚
1057 2315 1159 2355 quae
1190 2300 1234 2340 in
1264 2302 1400 2357 capite
1430 2314 1471 2343 et
1501 2314 1643 2346 ventre
1670 2318 1765 2360 ,gry-

96 2367 163 2419 Seo
193 2386 286 2416 sunt
314 2373 551 2414 nebulosae,
611 2375 841 2432 Craszzojari
871 2373 1109 2430 hyemalem
1138 2376 1196 2417 sic
1228 2377 1445 2434 descripsi:
