2196 2927
385 211 439 248 52
1139 211 1282 234 Ξ

524 310 687 367 Species
718 307 894 348 arcticae
924 307 1099 363 frigidae
1130 312 1267 349 Zonae
1298 308 1485 358 addicta,
1531 323 1669 348 versus
1699 321 1879 350 austrum
1908 324 2054 366 sponte

386 400 467 426 non
509 387 614 425 ultra
656 387 799 423 LX¹¹¹¹¹¹¹¹
846 385 1016 437 gradum
1061 384 1183 424 facile
1227 395 1440 438 evagatur,
1484 395 1772 439 praeterquam
1809 385 1853 424 in
1891 386 2053 436 ultimo,

386 459 579 500 orientali
621 458 797 499 Sibiriae
842 459 1011 512 angulo,
1055 458 1126 498 ubi
1167 474 1250 499 non
1293 460 1427 499 solum
1465 460 1516 498 ad
1546 459 1680 498 sinum
1711 458 2049 511 Pensffinensem,

385 536 454 573 sed
484 545 526 573 et
554 533 597 573 in
629 532 963 574 Camtschatcam
992 545 1226 583 excurrunt,
1258 534 1392 588 glacie
1420 534 1522 574 illuc
1552 549 1625 589 per
1655 549 1765 574 mare
1788 546 1944 584 vectae,
1977 551 2057 590 qua

384 608 510 648 etiam
539 608 583 648 in
612 608 791 648 insulam
821 607 1007 663 Beringii
1037 620 1080 648 et
1108 608 1322 649 Aleuticas
1360 609 1419 650 sic
1458 609 1590 650 dictas
1627 624 1704 649 nec
1746 625 1827 649 non
1858 609 1901 649 in
1932 626 2057 666 oppo-

375 682 505 731 ¹sitam
547 683 805 733 Americam,
850 683 1087 739 pervenisse
1130 683 1331 724 credibile
1362 696 1443 734 est,
1488 684 1559 724 ubi
1588 683 1783 740 prolifica
1813 701 1882 725 sua
1912 697 2055 726 natura

385 760 463 810 (ad
493 758 715 799 duodecim
757 759 870 798 enim
907 770 949 798 et
983 760 1092 799 ultra
1123 759 1280 799 catulos
1310 759 1500 815 pariunt)
1544 759 1667 799 facile
1711 760 2054 815 multiplicarunt.

384 835 567 888 Suntque
596 833 639 873 in
670 833 736 873 his
764 834 909 874 insulis
937 835 1043 874 adeo
1073 833 1297 874 familiares
1327 845 1368 874 et
1407 834 1639 889 procaculi,
1684 834 1806 874 simul
1849 846 1890 874 et
1932 837 2055 875 fame·

382 907 475 957 lici,
520 919 564 947 ut
594 909 894 949 dormientibus
925 909 1135 964 quaelibet
1165 910 1394 958 esculenta,
1433 909 1519 948 imo
1560 910 1840 949 calceamenta
1872 921 1914 950 et
1944 910 2056 964 quic-

383 982 483 1037 quid
513 984 676 1024 comedi
706 999 824 1039 posse
855 985 1041 1034 credunt,
1074 985 1323 1033 suffurantur,
1356 984 1428 1024 vix
1459 983 1618 1024 baculis
1647 984 1858 1037 abigendi.
1928 985 2056 1025 Omni

383 1068 591 1098 caeterum
622 1059 791 1099 animali
822 1059 955 1109 victu,
1002 1059 1130 1098 etiam
1157 1059 1363 1114 piscibus,
1410 1058 1584 1113 aliisque
1616 1057 1739 1097 maris
1770 1059 2054 1111 ejectamentis

381 1133 586 1182 contenti,
619 1133 652 1173 si
682 1134 762 1174 alia
792 1134 958 1174 venatio
989 1134 1109 1174 desit.
1170 1136 1217 1172 In
1247 1133 1365 1173 terris
1397 1132 1560 1173 arcticis
1589 1132 1833 1188 praesertim
1864 1133 2055 1188 migrato-

383 1206 464 1246 rios
494 1223 629 1247 mures
660 1219 866 1247 sectantur
896 1219 937 1247 et
966 1223 1086 1262 saepe
1118 1223 1211 1247 cum
1248 1208 1300 1247 iis
1338 1207 1645 1261 transmigrant.
1704 1210 1853 1247 Latent
1890 1209 2055 1249 cunicu—

383 1280 433 1320 lis
463 1281 628 1336 propria
659 1297 781 1336 opera
812 1281 990 1331 effossis,
1036 1293 1078 1320 et
1119 1293 1245 1322 noctu
1286 1280 1529 1337 praesertim
1571 1293 1782 1335 vagantur.
1853 1283 2054 1334 juniores,

383 1370 484 1410 quos
515 1355 629 1396 domi
660 1355 762 1405 alui,
796 1359 1015 1410 Mangasea
1046 1367 1262 1410 acceptOS,
1295 1367 1409 1395 erant
1441 1355 1763 1405 mordacissimi,
1809 1359 2056 1411 praesertim

383 1445 533 1477 mares3
564 1431 759 1470 foemella
789 1430 934 1479 minor,
968 1430 1168 1477 debilior,
1198 1432 1421 1470 admodum
1443 1429 1659 1470 familiaris
1678 1432 1785 1470 facta
1813 1443 1892 1481 est,
1926 1444 1967 1472 et
1982 1432 2055 1474 ho-

382 1504 487 1544 mini
516 1505 643 1544 instar
672 1505 784 1544 canis
832 1505 978 1544 amica.
1052 1504 1243 1545 Iracundi
1274 1520 1421 1544 canum
1451 1519 1565 1544 more
1596 1506 1917 1559 subgrunniunt‚
1963 1523 2056 1548 ocu-

382 1578 433 1617 lis
477 1579 603 1618 viridi
647 1578 1094 1634 resplendescentibus,
1140 1579 1330 1632 interque
1375 1593 1416 1617 se
1454 1578 1636 1618 rixantes
1668 1581 1911 1620 catellorum
1941 1597 2055 1622 more

381 1653 572 1693 clamant.
645 1653 784 1693 Etiam
811 1652 1077 1708 impatientes
1104 1652 1209 1692 exili
1241 1667 1343 1692 voce
1373 1653 1543 1705 ejulant.
1600 1655 1683 1692 Sed
1713 1655 1905 1696 latratum
1935 1672 2053 1711 spon-

381 1739 547 1768 taneum
576 1729 644 1767 vel
681 1743 829 1768 vocem
859 1727 958 1767 alias
989 1727 1116 1767 ullam
1146 1742 1272 1783 usque
1304 1728 1355 1767 ad
1384 1726 1660 1767 Novembrim
1689 1744 1900 1783 nunquam
1931 1745 2051 1769 exau<

382 1802 491 1851 divi,
536 1803 636 1842 licet
667 1804 739 1842 sub
770 1802 958 1843 conclavi
989 1802 1293 1842 detinebantur.
1359 1806 1467 1841 Tum
1498 1817 1596 1842 vero
1627 1802 1763 1843 senior
1793 1819 1877 1843 mas
1909 1820 1930 1843 a
1960 1804 2051 1844 reli-

384 1876 474 1931 quis
517 1889 768 1932 segregatus,
813 1878 939 1932 inque
981 1878 1075 1918 loco
1118 1879 1291 1918 obscuro
1334 1876 1520 1932 captivus
1562 1878 1635 1916 sub
1679 1893 1893 1933 vesperam
1931 1880 2051 1918 edere

382 1952 521 2007 coepit
550 1952 742 1992 latratum
771 1952 1038 2007 singularem,
1083 1967 1207 2008 quem
1237 1964 1379 2008 postea
1410 1952 1570 2007 saepius
1613 1952 1831 2001 exaudivi,
1872 1953 2053 1993 similem

381 2038 524 2066 cantus
554 2027 795 2081 gallinacei,
826 2027 906 2067 nisi
938 2028 1188 2082 graviorem,
1221 2028 1402 2069 maxime
1426 2042 1638 2074 sonorum,
1671 2037 1928 2067 constantem
1959 2044 2051 2083 qua-

382 2113 492 2151 tuor,
536 2102 718 2158 quinque
761 2103 829 2142 vel
871 2118 943 2142 sex
987 2103 1095 2143 sonis
1138 2103 1223 2143 cito
1271 2101 1635 2157 subsequentibUS,
1676 2116 1851 2156 quorum
1881 2103 2050 2143 ultimus

383 2178 505 2230 paulo
536 2178 714 2227 acutior,
753 2177 868 2232 quasi
906 2179 1061 2232 ejulatu
1097 2180 1335 2234 productus.
1405 2180 1503 2218 Non
1542 2187 1680 2216 autem
1710 2178 1854 2217 creber
1883 2189 1962 2226 est,
2007 2189 2052 2217 ut

383 2265 529 2291 canum
558 2253 747 2301 latratus,
792 2254 863 2292 scd
900 2263 1061 2292 tantum
1097 2254 1226 2293 semel
1263 2254 1485 2301 iterumve,
1530 2267 1604 2307 per
1641 2256 1795 2306 majora
1830 2253 2049 2292 intervalla

382 2325 532 2365 editur.
598 2328 750 2368 Sedent
786 2338 831 2366 ut
867 2341 1008 2375 caneS,
1047 2326 1228 2367 rixantes
1267 2329 1370 2368 alter
1400 2328 1574 2366 alterum
1603 2339 1734 2368 terrae
1763 2325 1936 2381 pedibus
1968 2327 2048 2366 affi-

382 2414 484 2439 xum
512 2403 679 2441 tenebat
709 2413 749 2441 et
778 2416 853 2456 per
880 2400 1100 2441 intervalla
1130 2403 1370 2443 morsitabat
1407 2401 1567 2441 acriter.
1628 2402 1780 2442 Carnes
1810 2401 2048 2454 qualescun-
