2196 2927
379 189 486 230 vm

380 322 652 364 occidentali
696 330 789 363 tota
835 320 928 363 fere
974 322 1133 377 plana,
1194 333 1294 377 pars
1341 328 1407 361 est
1453 319 1687 375 Europae,
1751 322 1824 363 cui
1864 335 1889 363 a
1935 324 2044 365 mari

378 408 581 450 balthico
627 407 683 448 ad
727 402 1048 462 Carpathicum
1093 420 1236 462 usque
1272 407 1428 463 jugum
1466 406 1682 447 continua
1722 415 1811 454 est,
1869 408 1924 448 ad
1966 408 2042 449 bo-

377 507 494 535 ream
534 491 638 533 mari
676 492 803 541 albo,
842 500 887 532 et
923 491 1099 532 Sevone
1138 499 1309 541 monte,
1348 491 1403 532 ad
1444 499 1641 532 austrum
1681 490 1848 540 Ponto,
1887 491 2042 533 Maeo-

378 578 471 618 tide
513 574 717 618 Caucaso
754 585 800 617 et
838 573 1006 631 Caspio
1044 578 1149 618 lacu
1186 576 1469 633 praefinitur,
1518 584 1563 616 et
1600 589 1682 631 per
1719 575 1935 635 Uralense
1972 578 2041 628 ju-

374 676 482 720 gum
533 663 588 703 ab
651 662 819 703 oriente
883 661 1211 703 disterminatur
1266 676 1289 703 a
1345 675 1504 720 magno
1559 660 1697 702 Asiae
1763 662 2036 704 continente.

372 746 476 788 Pars
518 746 700 788 asiatica
748 748 802 788 ab
841 747 940 802 ipso
987 747 1191 788 Uralensi
1228 749 1335 805 jugo
1374 760 1505 802 supra
1543 744 1771 788 Tatar·ian1
1818 760 2037 804 magnam,

371 833 498 883 cujus
535 840 706 887 partem
753 833 1094 888 comprehendit
1132 841 1177 873 et
1214 832 1363 874 Sinico
1401 831 1589 887 imperio
1627 845 1745 873 nunc
1792 833 2037 883 subjectam

371 916 649 974 Mongoliam
688 917 805 959 ultra
843 918 934 958 duo
972 917 1112 958 millia
1161 918 1370 959 milliaria
1407 916 1691 964 extenditur,
1763 918 1820 959 ad
1860 919 2035 959 boream

367 1000 550 1042 Oceano
588 1002 774 1058 glaciali
811 1002 1068 1057 praefinita,
1132 1003 1188 1044 ad
1227 1011 1421 1044 austrum
1459 1002 1577 1058 jugis
1615 1002 1785 1059 magnis
1823 1002 2035 1051 asiaticis,

366 1085 573 1126 orientali
610 1087 891 1126 extremitate
929 1086 1114 1127 Oceano
1142 1086 1348 1126 orientali
1371 1084 1652 1125 circumfusa.
1743 1085 2034 1141 Amplissima

364 1170 480 1213 haec
526 1168 705 1225 Imperii
749 1182 876 1224 pars,
954 1170 1127 1227 magnis
1173 1168 1433 1212 fluminibus
1481 1182 1540 1210 ex
1586 1169 1770 1211 asiatica
1817 1170 2032 1213 montium

364 1263 528 1296 catena
578 1268 732 1295 versus
778 1255 954 1296 boream
1000 1255 1282 1297 transversim
1328 1253 1634 1296 defluentibus
1680 1264 1726 1296 et
1771 1254 2029 1298 Salmonum

363 1353 422 1381 ex
460 1339 642 1382 Oceano
680 1340 968 1382 subeuntium
1006 1354 1166 1398 magna
1202 1340 1422 1382 varietate
1442 1349 1488 1382 et
1507 1340 1637 1396 copia
1677 1340 2029 1390 abundantibus,

362 1425 490 1480 quasi
536 1425 795 1475 subdivisa,
867 1425 914 1466 in
959 1439 1122 1483 genere
1168 1435 1416 1482 temperato
1462 1434 1507 1467 et
1550 1426 1719 1483 frigido
1766 1428 1848 1468 sub
1895 1427 2026 1468 coelo

358 1510 504 1565 posita
553 1518 653 1565 est3
725 1524 840 1566 quae
894 1511 1087 1554 climatis
1141 1511 1404 1554 constitutio
1462 1511 1722 1553 animalium
1776 1511 2022 1567 multiplici

358 1595 646 1649 productioni
685 1596 896 1651 equidem
933 1596 1078 1638 minus
1115 1596 1271 1650 favet,
1326 1598 1450 1652 apud
1488 1610 1567 1638 nos
1604 1605 1751 1639 tamen
1791 1597 2022 1654 regionum

357 1678 575 1719 varietate
613 1688 658 1719 et
695 1679 959 1719 extensione
1005 1688 1331 1734 compensatur.
1421 1679 1623 1720 Maxime
1669 1681 1888 1723 australes
1925 1682 2020 1731 ejus

356 1761 465 1803 fines
510 1774 599 1802 non
644 1761 762 1802 ultra
810 1760 966 1803 50¹m¹¹¹¹
1012 1762 1267 1803 latitudinis
1314 1763 1501 1819 gradum
1549 1763 1854 1805 extenduntur
1872 1778 1888 1818 3
1961 1765 2017 1807 ad

356 1846 533 1887 boream
570 1858 678 1886 vero
714 1853 911 1896 tantum,
949 1854 1165 1902 quantum
1201 1847 1300 1888 ulla
1338 1847 1429 1888 alia
1465 1856 1594 1897 terra,
1633 1857 1679 1889 et
1715 1848 1760 1889 in
1799 1849 2019 1891 circulum

356 1930 466 1971 arcti
502 1929 745 1987 glaciatum
782 1944 925 1986 usque
962 1931 1113 1973 littora
1150 1932 1322 1988 pandit.
1420 1930 1684 1989 Temperies
1721 1935 1816 1987 ejus
1851 1935 1899 1976 in
1936 1949 2015 1993 ge-

357 2028 459 2056 nere
496 2028 585 2056 non
622 2023 687 2056 est
721 2015 769 2058 in
814 2016 984 2058 ratione
1030 2017 1322 2058 latitudinum
1369 2017 1595 2068 locorum,
1659 2019 1766 2074 quia
1811 2020 2012 2062 boreales

354 2100 506 2150 venti,
556 2109 607 2141 et
642 2102 698 2142 ab
735 2102 942 2151 australi,
980 2101 1086 2142 nive
1122 2111 1243 2143 tecto
1281 2103 1494 2144 montium
1530 2103 1638 2161 jugo
1675 2102 1855 2152 reflexi,
1892 2106 2010 2161 tepi-

354 2184 432 2226 das
467 2197 492 2226 a
529 2185 709 2226 meridie
747 2199 872 2226 auras
910 2187 1175 2228 excludunt.
1264 2185 1384 2228 Hinc
1423 2202 1512 2244 quo
1551 2189 1688 2246 magis
1708 2190 1765 2230 ad
1795 2191 2019 2231 orientem

352 2269 497 2311 tendit
534 2269 714 2319 Sibiria,
763 2270 991 2327 magisque
1029 2273 1252 2313 attollitur
1290 2282 1547 2321 montuosa,
1584 2282 1629 2314 et
1665 2275 1780 2315 inter
1815 2275 1922 2332 juga
1961 2283 2013 2317 et:

347 2355 589 2412 glacialem
625 2355 860 2402 Oceanum
892 2357 1054 2400 arctius
1092 2357 1367 2408 includitur,
1423 2371 1477 2400 eo
1512 2358 1739 2417 frigidior,
1778 2360 1861 2401 sub
1897 2359 2003 2401 lati-
