2196 2927
370 190 456 241 276
1123 194 1267 219 -—-----

367 303 451 344 fere
480 298 772 347 tenacitatem,
810 295 1013 352 cultrique
1043 309 1210 337 omnem
1239 293 1373 335 aciem
1401 304 1638 350 respuente,
1678 294 1887 344 duratum,
1925 298 2036 352 quod

366 376 472 418 nulli
502 375 816 431 quadrupedum
846 387 998 428 organo
1028 370 1259 428 comparari
1286 381 1437 427 potest.
1496 368 1653 409 Similis
1674 369 1820 424 plexus
1845 372 2036 414 fibrarum

366 452 675 499 tendinearum,
715 449 759 489 in
795 448 998 489 circulum
1037 458 1267 493 acervatus‚
1315 444 1624 486 convexitatem
1663 456 1876 486 externam
1915 447 2038 503 spira-

367 528 448 569 culi
482 529 650 575 format,
688 524 898 579 oriturque
930 538 1129 564 concursu
1157 521 1379 561 tendineae
1409 519 1696 575 expansionis,
1734 535 1814 574 qua
1853 523 2038 576 adjacen-

374 616 431 643 tes
462 602 656 656 utrinque
685 598 891 654 bregniati
921 597 1097 638 musculi
1135 596 1329 645 maximi,
1376 595 1582 651 spiraculo
1624 595 1806 650 proprii,
1848 596 1958 637 inter
1998 613 2039 639 se

367 688 647 723 concurrunt,
690 675 883 729 fibrisque
925 673 1034 713 circa
1077 672 1328 728 spiraculum
1369 672 1590 711 flectuntur
1633 681 1675 709 et
1716 673 2034 715 confunduntur.

369 758 594 794 Introrsuni
625 751 875 806 spiraculum
902 749 946 788 in
977 748 1213 803 cylindrum
1251 746 1491 792 dilatatum,
1529 746 1652 800 paulo
1682 757 1909 788 antrorsum
1940 749 2041 789 obli-

368 843 494 884 quum
521 828 647 867 refert
674 826 819 864 tubum
849 823 1070 864 tendinosa
1101 821 1327 861 substantia
1358 820 1702 870 circumtextum,
1742 822 1785 862 in
1822 822 1910 878 ipsa
1948 835 2041 864 cute

369 918 630 958 suspensum,
662 900 917 953 inferiusque
947 896 1193 953 bipartitum
1223 907 1340 951 septo
1369 896 1907 951 tendineo-cartilaginoso.
1966 900 2043 940 Cu-

367 978 422 1019 tis
450 979 596 1018 tubum
625 976 736 1016 intus
766 973 945 1014 vestiens
976 975 1025 1012 ab
1062 971 1222 1012 orificio
1259 971 1439 1026 primum
1476 970 1618 1020 nivea,
1658 971 1816 1011 consita
1844 976 2047 1026 folliculis

369 1050 728 1105 ovali-oblongi8‚
762 1055 831 1090 δ”.
862 1047 1150 1102 longitudine,
1186 1047 1303 1086 nullo
1334 1045 1559 1102 conspicuo
1588 1045 1748 1086 orificio
1786 1047 2045 1087 excernenti-

369 1131 465 1176 bus;
499 1127 651 1168 deinde
683 1124 834 1166 sensim
865 1138 941 1164 ceu
970 1122 1145 1177 fuligine
1176 1121 1393 1177 nigrescit,
1436 1120 1628 1176 rugisque
1659 1122 1703 1161 fit
1730 1121 2047 1177 inaequalis,—

370 1204 606 1258 Singulares
638 1201 766 1241 etiam
795 1205 906 1241 sinus
932 1198 1055 1238 >circa
1086 1209 1304 1237 externum
1333 1195 1584 1252 spiraculum
1615 1197 1842 1244 observati,
1872 1213 2046 1252 quorum

370 1279 452 1320 tria
480 1278 613 1334 paria:
653 1279 874 1331 superiores
902 1273 1189 1328 magnitudine
1228 1271 1298 1312 ovi
1334 1270 1576 1325 gallinacei,
1615 1271 1723 1311 intra
1760 1273 2047 1326 supra-dictos

371 1355 580 1397 musculos
617 1349 896 1406 bregmaticos
933 1347 1249 1396 delitescentes,
1290 1347 1484 1400 colloque
1522 1346 1715 1401 pollicari
1744 1348 1902 1387 fistulae
1933 1363 2048 1403 supe-

372 1431 455 1472 rius
483 1427 649 1474 inserti,
680 1425 796 1467 ostiis
825 1421 916 1481 plus
946 1422 1140 1478 pollicari
1168 1421 1325 1461 lumine
1354 1420 1570 1461 hiantibus
1599 1432 1642 1461 et
1670 1420 1742 1461 vix
1772 1422 1899 1462 trium
1920 1423 2047 1463 linea·-

371 1521 461 1546 rum
492 1503 715 1544 intervallo
744 1501 854 1541 inter
883 1514 924 1539 se
957 1497 1219 1538 distantibus.
1286 1495 1411 1536 Fiunt
1449 1494 1496 1535 hi
1532 1497 1642 1535 sinus
1684 1511 1706 1536 e
1752 1509 1846 1538 cute
1890 1499 2048 1538 fistulae

373 1581 538 1621 interna
567 1578 683 1633 nigra
713 1588 754 1617 et
784 1589 929 1629 rugosa
959 1572 1199 1614 continuata
1228 1583 1270 1612 et
1305 1586 1327 1611 e
1358 1575 1495 1611 tunica
1524 1572 1784 1612 vasculorum
1814 1588 2050 1614 nervorum—

375 1670 455 1711 que
486 1653 668 1695 maxima
697 1652 818 1707 copia
848 1660 1067 1696 contexta,
1105 1663 1227 1703 quam
1259 1646 1441 1702 denique
1472 1647 1603 1687 ambit
1639 1651 1888 1689 involucrum
1925 1650 2050 1689 tendi-

377 1747 511 1779 neum,
543 1727 710 1768 lacertis
741 1725 919 1774 carneis,
957 1729 1019 1762 ιω.
1048 1722 1294 1771 latitudine,
1326 1736 1400 1776 per
1428 1721 1648 1761 intervalla
1676 1722 2049 1777 longitudinalibus

374 1805 634 1846 instructum.
705 1800 867 1840 Tunica
903 1798 1115 1838 vasculosa
1152 1797 1320 1852 insuper
1357 1797 1520 1836 obsessa
1552 1798 1775 1848 falliculis,
1820 1798 1963 1851 quales
2005 1798 2049 1838 in

380 1880 532 1927 fistula,
574 1876 645 1932 qui
676 1874 796 1915 vacui
825 1884 866 1914 et
896 1872 1071 1927 collapsi
1098 1870 1221 1911 facile
1250 1870 1458 1911 inflantur.
1487 1897 1541 1902 —
1581 1873 1698 1911 Sinus
1740 1873 1902 1911 secundi
1940 1878 2051 1927 paris

379 1965 497 1994 antro
528 1952 686 1992 fistulae
716 1949 888 1990 inferius
919 1946 1179 2001 anteriusque
1209 1946 1427 1986 efformato
1458 1957 1498 1985 et
1525 1961 1599 2001 per
1621 1958 1784 2001 septum
1806 1947 2051 1988 tendineum

376 2027 601 2084 bipartito,
638 2026 682 2066 in
712 2040 793 2081 quo
830 2023 877 2063 hi
906 2021 1016 2062 sinus
1047 2020 1187 2071 hiant,
1229 2021 1421 2075 oblongi,
1459 2023 1587 2064 fundo
1617 2038 1775 2063 sursum
1803 2033 2048 2077 spectantes,

378 2102 584 2158 juglandis
613 2103 699 2142 fere
729 2114 922 2156 capaces,
960 2096 1219 2137 tenuioribus
1255 2097 1424 2137 conflati
1459 2098 1631 2148 tunicis,
1670 2097 1951 2152 folliculisque
1982 2100 2051 2139 de-

379 2179 530 2219 stituti.
559 2205 607 2209 —
656 2179 781 2217 Tertii
811 2179 921 2231 paris
949 2178 1058 2214 sinus
1087 2173 1211 2227 paulo
1239 2171 1410 2212 inferius
1439 2172 1484 2212 in
1519 2174 1696 2213 fistulam
1725 2171 1908 2222 hiantes,
1952 2175 2052 2213 refe-

379 2266 473 2294 runt
502 2253 657 2294 vesicas
687 2252 907 2305 oblongaS,
937 2247 1235 2304 tripollicares,
1275 2249 1432 2288 fistulae
1463 2248 1769 2295 circumflexas,
1811 2248 2049 2288 verticibus-

381 2343 460 2382 que
488 2328 598 2369 inter
625 2344 666 2368 se
697 2325 991 2371 cohaerentes,
1022 2338 1193 2379 quarum
1223 2323 1378 2378 pariter
1407 2323 1573 2363 tunicae
1602 2335 1769 2369 tenues,
1811 2337 1954 2361 cavum
1985 2339 2048 2362 va-

380 2417 518 2444 cuum.
536 2428 584 2457 ·†
619 2403 674 2444 Hi
698 2403 808 2444 sinus
831 2415 915 2444 non
939 2399 1027 2442 sine
1051 2414 1208 2441 summa
1237 2399 1326 2439 veri
1356 2399 1494 2453 specie
1524 2413 1599 2454 pro
1629 2395 1790 2453 organis
1821 2396 2047 2438 olfactoriis
