2196 2927
410 222 495 261 3¹4
1172 221 1316 243 Ξ

400 337 448 361 ca
492 321 609 361 Idola
655 320 899 374 adfiguntur.
968 319 1132 359 Buraeti
1164 334 1287 374 saepe
1318 319 1495 373 pellem,
1536 319 1580 359 in
1610 318 1829 374 tuguriolis
1859 318 2085 374 principali

403 397 496 436 loco
527 410 784 450 suspensam,
816 406 1012 449 tanquam
1043 395 1267 434 amuletum
1301 395 1552 434 fortunatum
1583 395 1738 435 colunt.
1811 396 1934 449 Apud
1966 397 2079 432 Mon»

400 472 514 524 golos
547 482 583 509 et
619 471 864 511 Calmuccos
893 470 1141 510 faustissima
1173 468 1327 510 haecce
1359 469 1598 510 aestimatur
1629 469 1738 519 avis,
1771 485 1895 524 quam
1919 467 1989 523 qui
2015 483 2079 508 oc-

399 545 526 592 cidlt,
557 545 727 585 silentio
755 545 798 584 in
829 545 987 599 pertica
1018 547 1142 584 fixam
1172 544 1216 584 in
1248 545 1341 585 avio
1370 547 1550 600 quodam
1582 545 1741 585 tumulo
1772 544 1959 592 extollit,
1991 558 2084 597 qua-

399 619 433 660 si
462 620 582 660 coelo
612 620 927 668 sacrificaturus,
961 636 1043 675 quo
1073 619 1117 659 in
1146 620 1284 674 plures
1315 635 1441 660 annos
1473 620 1725 661 Felicitatem
1757 619 1838 660 sibi
1869 617 2085 659 conciliari

398 706 658 734 constantem
689 706 848 750 putant.
924 697 1050 749 Apud
1092 696 1311 749 Mongolos
1355 695 1537 736 maxime
1585 695 1629 735 in
1667 695 1827 735 bonore
1870 705 1932 734 est
1973 693 2082 741 ideo,

399 771 510 825 quod
542 770 704 810 dicatur
734 769 836 808 hacc
867 769 1092 823 aliquando
1125 772 1248 823 Stryx
1279 771 1418 824 magni
1448 769 1833 825 Tschingis-chani
1865 769 1995 809 vitam
2025 780 2082 808 tu-

395 856 520 894 tasse,
567 846 665 884 durn
710 846 848 898 fugato
890 846 963 883 sub
1001 843 1124 883 initia
1161 845 1347 883 fortunae
1390 846 1579 885 exercitu
1608 857 1701 901 post
1732 856 1893 885 carecta
1921 845 2082 891 lateret,

396 919 500 959 haec
546 934 642 959 vero
680 919 822 959 frutici
858 919 1093 974 propinquo
1133 918 1318 958 insidens
1348 919 1662 975 insequentibus
1693 919 1881 960 hostibus
1912 933 2083 958 omnem

395 995 674 1049 suspicionem
705 995 826 1034 illum
855 995 1134 1050 perlustrandi
1164 996 1322 1042 locum,
1356 995 1429 1035 ubi
1452 995 1690 1036 solitudinis
1714 1010 1853 1034 amans
1879 993 1964 1032 avis
1988 1008 2078 1033 con-

397 1072 580 1118 sederat,
613 1069 790 1115 exernit3
824 1071 1012 1125 adeoque
1041 1071 1163 1111 saluti
1195 1069 1271 1110 fuit
1303 1073 1489 1125 Nyctea,
1517 1086 1640 1125 quam
1665 1070 1762 1111 dein
1791 1069 2081 1124 Mongolorum

394 1145 606 1201 principes
636 1161 711 1200 pro
742 1145 871 1199 regali
901 1145 1055 1200 insigni
1094 1147 1350 1194 habuerunt,
1393 1146 1653 1201 aliquamdiu
1693 1143 1916 1201 privilegio
1954 1144 2081 1184 sanci-

392 1231 491 1260 tam.
551 1224 678 1259 Extat
708 1220 835 1259 etiam
867 1237 974 1261 nunc
1006 1222 1051 1261 in
1081 1221 1283 1262 fortalitio
1314 1225 1515 1275 Perecop,
1565 1222 1678 1276 quod
1715 1220 1876 1260 aditum
1906 1218 2078 1259 Cherso-

391 1294 481 1334 nesi
510 1295 712 1335 Tauricae
742 1296 919 1342 claudit,
975 1312 1093 1351 supra
1130 1307 1290 1350 portam
1327 1295 1542 1350 exsculpta
1572 1297 1696 1350 Stryx
1728 1295 1839 1342 alba,
1885 1305 2081 1349 tanquam

393 1369 554 1424 insigne
587 1368 826 1411 Chanorum
858 1370 929 1424 qui
959 1387 979 1410 a
1009 1371 1207 1425 progenie
1236 1369 1497 1424 Tschingissi
1527 1385 1655 1424 genus
1687 1371 1856 1410 ducunt.

530 1446 702 1485 Descr.
762 1446 829 1485 Ob
859 1446 1095 1500 plumarum
1125 1447 1321 1485 volumen
1350 1445 1449 1485 litet
1480 1448 1651 1486 Bubone
1682 1461 1826 1501 parum
1856 1443 1991 1485 minor
2022 1444 2078 1484 vi-

395 1522 561 1568 deatur,
593 1521 724 1560 multo
756 1532 893 1560 tamen
924 1520 1058 1560 levior
1088 1531 1171 1568 est;
1203 1519 1332 1560 habui
1363 1520 1687 1575 quadrilibribus
1717 1520 1919 1566 minores,
1950 1519 2078 1559 maxi-

394 1610 485 1635 mae
516 1595 642 1634 libras
672 1596 801 1635 ferme
833 1611 904 1636 sex
936 1607 1175 1651 aequarunt.
1248 1598 1434 1636 Varietas
1463 1596 1642 1651 duplex,
1687 1610 1792 1650 quae
1823 1609 1906 1635 non
1937 1596 1987 1635 ab
2017 1609 2079 1634 ae-

393 1682 478 1710 tate
510 1672 582 1710 sed
613 1687 634 1709 a
665 1670 835 1711 climate
865 1673 1049 1726 pendere
1081 1671 1257 1712 videtur.
1331 1673 1507 1711 Minores
1547 1671 1792 1725 plerumque
1835 1681 1948 1709 totae
1992 1670 2079 1710 Fere

392 1745 561 1791 niveae,
607 1745 678 1784 vix
718 1745 877 1798 aliquot
913 1745 1080 1800 punctis
1116 1745 1244 1800 nigris
1283 1747 1518 1801 adspersae,
1562 1745 1605 1784 in
1636 1745 1768 1800 plagis
1800 1743 1988 1793 arcticis,
2034 1756 2076 1784 ut

394 1830 581 1868 autumo,
615 1830 813 1859 aestatem
843 1832 988 1874 agunt,
1019 1820 1081 1860 ibi
1112 1832 1253 1867 natae,
1282 1821 1344 1860 ibi
1373 1821 1482 1875 proli
1512 1835 1681 1875 operam
1710 1818 1931 1873 quotannis
1962 1820 2073 1859 datu-

392 1908 479 1942 rae,
512 1894 622 1933 unde
649 1893 822 1934 immani
847 1896 991 1935 bruma
1014 1907 1055 1935 et
1078 1897 1245 1935 defectu
1267 1895 1411 1951 pabuli
1435 1910 1572 1935 versus
1590 1893 1829 1934 australiora
1844 1894 2069 1948 pelluntur.

540 1970 717 2025 Majores
765 1971 1008 2025 plerumque
1063 1970 1236 2011 maculis
1289 1970 1442 2011 crebris
1494 1970 1736 2011 transversis
1778 1968 1933 2024 nigris,
1986 1968 2074 2009 imo

393 2058 513 2098 saepe
542 2055 655 2084 totae
685 2045 951 2085 transversim
992 2045 1111 2101 nigro
1130 2071 1143 2076 —
1162 2046 1375 2095 fasciatae,
1414 2046 1457 2086 in
1495 2045 1862 2102 temperatioribus
1894 2044 2071 2085 Sibiriae

393 2118 589 2159 videntur
618 2119 754 2167 nasci,
790 2131 961 2175 totoque
991 2121 1054 2161 ibi
1083 2137 1191 2161 anno
1221 2122 1370 2176 degere
1409 2133 1449 2161 et
1478 2122 1648 2176 largiori
1679 2121 1817 2161 diaeta
1846 2119 2069 2160 luxuriare.

500 2196 690 2235 Rostrum
718 2194 903 2250 nigrum,
946 2196 1118 2236 maxilla
1147 2196 1344 2236 interiore
1374 2197 1567 2252 utrinque
1598 2198 1650 2236 ad
1692 2196 1854 2252 apicem
1895 2195 2067 2235 sinuata.

394 2270 513 2309 Oculi
542 2269 739 2316 maximi;
769 2272 986 2326 palpebrae
1014 2271 1187 2312 interius
1216 2270 1360 2311 instita
1390 2272 1473 2311 lata
1503 2283 1588 2312 atra
1618 2271 1884 2326 marginatae.
1941 2269 2067 2308 Irides

394 2342 591 2390 citrssnae,
632 2345 793 2400 pupilla
836 2346 1104 2400 amplissima.
1174 2348 1562 2401 Periophthalmium
1592 2348 1801 2395 albidum,
1844 2342 2013 2396 oblique
2045 2357 2066 2381 a

392 2416 599 2471 superiore
628 2420 826 2474 palpebra
855 2421 1126 2464 descendens.
1198 2423 1365 2465 Plumae
1394 2423 1439 2463 in
1468 2434 1555 2463 tota
1585 2438 1660 2463 ave
1690 2436 1793 2465 non,
1837 2428 1882 2458 ut
1908 2416 1952 2456 in
1981 2417 2065 2472 ple*
