2196 2927
863 208 1005 234 -···=*—-··
1672 214 1753 251 149

96 309 300 351 sissinium
331 311 483 352 animal
512 310 555 350 in
587 310 844 352 Chersoneso
873 307 1068 354 Taurica,
1107 307 1178 346 ubi
1208 308 1339 348 vineis
1370 309 1561 357 noxium,
1605 307 1757 363 hyeme

95 385 299 433 juniorum
342 386 532 441 stirpium
574 400 705 425 ramos
747 382 1025 438 praecidendo
1068 391 1110 419 et
1152 396 1248 420 uvas
1279 394 1453 423 maturas
1484 384 1756 423 comedendo.

94 458 215 499 Circa
246 461 473 501 Caucasum
501 471 543 500 et
571 460 622 498 ad
652 459 826 499 Cumani
855 467 897 495 et
925 458 1057 494 Tereo
1087 455 1257 494 fluvium
1302 455 1622 512 inferioremque
1660 458 1757 496 Vol-

93 546 185 586 gam
216 535 343 582 solus,
389 549 595 588 nunquam
624 535 669 572 L.
700 532 930 576 variabilis,
974 528 1203 584 capiuntur.
1274 529 1444 568 Habitat
1482 531 1607 570 etiam
1650 532 1759 571 circa

93 608 284 646 australia
315 608 522 647 Uralensis
553 607 637 661 jugi
667 605 961 661 promontoria.
1021 607 1067 643 In
1097 603 1248 644 Sibiria
1286 603 1400 644 omni
1439 605 1566 644 deest.
1635 607 1760 646 Pelles·

90 678 302 734 hybernae
333 681 434 721 olim
475 681 551 720 vili
580 681 716 736 pretio
746 690 929 734 emptae,
961 694 1068 718 nunc
1097 678 1142 718 in
1171 678 1434 735 quintuplum
1462 679 1675 726 vaeniunt,
1709 682 1758 718 ad

91 765 275 803 exteros,
306 771 380 810 pro
409 755 615 810 pileorum
645 754 812 795 coactili
842 769 986 809 opere,
1018 754 1259 794 mittendae.

223 866 370 906 Nota.
429 870 474 906 In
506 866 686 922 parvulis
715 881 875 921 semper
903 866 1064 905 macula
1092 865 1236 905 frontis
1267 865 1378 913 alba,
1422 879 1526 919 quae
1564 864 1607 903 in
1647 865 1759 903 adul<

90 938 264 979 tioribus
293 941 414 995 perit.
473 945 605 990 Haec,
651 942 778 981 etiam
821 942 928 995 apud
965 944 1102 979 Persas
1133 939 1332 994 vulgaris,
1377 939 1534 993 species
1578 939 1759 978 Zoroa-

90 1019 186 1053 stri
216 1015 418 1068 religione
447 1027 643 1070 tanquam
674 1015 854 1055 maxime
884 1015 1094 1070 impurum
1123 1015 1308 1054 omnium
1348 1014 1589 1053 animalium
1618 1011 1757 1067 prohi-

91 1089 219 1127 betur.
281 1089 417 1128 Etiam
446 1091 587 1129 Tatari
618 1101 659 1129 et
687 1105 709 1129 e
739 1091 861 1144 plebe
892 1090 1060 1129 Rossica
1090 1089 1366 1143 religiosiores
1395 1104 1417 1128 a
1446 1088 1586 1142 lepore
1637 1085 1758 1126 absti-

89 1173 210 1209 nent;
240 1179 348 1203 nunc
376 1175 514 1203 tamen
544 1164 695 1203 sensim
739 1166 981 1204 adsuescunt
1023 1163 1157 1203 multi.

526 1301 614 1351 67.
706 1301 989 1343 LEPUS
1080 1301 1320 1344 Tolai.

224 1393 271 1430 L.
301 1392 429 1431 cauda
460 1391 577 1432 brevi
607 1407 725 1447 supra
755 1392 890 1447 nigra,
923 1392 1083 1432 aurium
1111 1407 1272 1432 summo
1302 1391 1486 1447 margine
1516 1391 1648 1446 nigro.

305 1469 438 1520 Lepus
467 1466 609 1515 Tolai,
655 1468 806 1507 Pallas.
843 1471 939 1521 glir.
972 1483 1068 1522 pag.
1104 1485 1162 1519 17.
1206 1468 1407 1507 Schreber.
1451 1471 1657 1506 mammal.
1686 1466 1756 1504 IV.

360 1557 398 1595 p.
429 1547 520 1592 878.
551 1542 633 1581 tab.
668 1549 757 1590 234.
788 1543 956 1582 Gmelz'n.
986 1552 1088 1595 ςγδι.
1117 1544 1205 1581 Lin.
1234 1543 1268 1580 I.
1298 1558 1337 1595 p.
1374 1548 1460 1582 162.
1489 1557 1549 1596 sp.
1581 1547 1618 1580 8.
1662 1541 1758 1591 Buf-

349 1616 438 1666 fon.
471 1617 560 1654 hist.
591 1625 673 1654 nat.
702 1616 791 1655 XV.
821 1632 859 1670 p.
896 1622 982 1656 138.

308 1687 533 1728 Cuniculus
563 1688 783 1742 insigniter
811 1691 1004 1730 caudatus
1035 1689 1185 1730 coloris
1222 1688 1421 1744 leporini,
1463 1690 1632 1729 Gmelin.
1675 1703 1756 1728 sen.

358 1763 461 1802 Nov.
493 1765 605 1803 Com.
635 1764 738 1803 Petr.
772 1764 818 1803 V.
849 1781 887 1819 p.
918 1772 1008 1816 357.
1047 1765 1130 1804 tab.
1169 1782 1225 1804 ιι.
1258 1766 1342 1818 fig.
1374 1780 1410 1804 2.
1442 1767 1552 1804 mala
1579 1765 1757 1805 Brisson.

360 1838 501 1892 quadr.
532 1855 570 1893 p.
601 1856 665 1890 97.
701 1853 760 1893 sp.
793 1845 829 1878 8.

303 1911 458 1952 ΒόίοεῑΙ.
489 1916 616 1961 Hare,
646 1914 836 1953 Pennant.
866 1929 957 1967 syn.
989 1930 1028 1969 p.
1059 1921 1149 1955 253.
1178 1930 1215 1953 n.
1251 1921 1337 1955 188.

200 1986 408 2039 Mongolis
442 1988 599 2027 Toolczi.
656 1987 856 2042 Tangutis
884 1990 1079 2042 Rangwo.
1136 1989 1303 2043 Japonis
1345 1989 1503 2041 Usagi?

226 2061 273 2097 In
304 2060 515 2100 Montibus
559 2061 709 2116 apricis
750 2062 965 2116 regionum
1009 2062 1420 2102 transbaicalensium
1462 2072 1504 2100 et
1532 2075 1606 2115 per
1633 2074 1758 2100 omne

93 2133 382 2186 Mongolorum
411 2136 617 2174 desertum
649 2139 761 2188 (cum
791 2139 891 2190 Lep.
923 2136 1133 2184 variabili)
1165 2136 1331 2190 copiosa
1361 2135 1539 2190 species,
1579 2151 1601 2174 a
1631 2138 1676 2174 L.
1705 2134 1757 2174 ti-

93 2207 209 2247 mido
240 2209 335 2247 vere
366 2209 544 2256 diversa,
576 2210 676 2249 licet
698 2209 741 2248 in
765 2224 814 2249 eo
837 2213 1076 2258 conveniat,
1109 2211 1219 2265 quod
1241 2209 1391 2265 hyeme
1408 2210 1590 2252 colorem
1605 2220 1754 2251 servet.
