2196 2927
419 199 503 239 322
1177 196 1320 217 ²²⁸5-—

419 314 527 339 num
556 301 658 337 icon.
689 300 811 337 color.
842 312 879 335 n.
911 304 1003 345 440.
1034 303 1149 347 474.,
1185 292 1482 348 notissinmque
1518 293 1563 333 in
1594 294 1755 348 Europa
1784 295 2089 350 temperatiore,

421 388 547 427 quum
577 383 720 413 contra
748 372 792 411 in
821 382 908 411 tota
938 369 1098 411 ditione
1129 371 1291 410 Faunae
1321 373 1499 409 rossicae
1529 384 1612 409 non
1649 379 1849 409 occurrat.

900 502 974 532 10.
1065 487 1366 530 STRYX
1444 487 1623 531 Ululcz.

555 591 594 630 S.
624 589 777 629 inauris
807 586 1087 635 fulvo-varia,
1120 598 1250 626 rostro
1279 584 1418 640 nigro,
1450 585 1626 626 iridibus
1656 585 1798 635 fulvis,
1832 582 1986 641 remige
2016 602 2091 626 ses*

419 665 625 721 quialtera
654 675 818 705 serrata.

637 743 801 780 Noctua
831 737 1035 787 saxatilis,
1069 738 1226 776 Gesner.
1266 751 1330 775 av.
1363 743 1453 776 622.
1496 736 1665 777 Aldrov.
1697 750 1768 777 orn
1812 738 1844 775 1.
1875 752 1970 791 pag.
2003 742 2092 786 545.

699 814 953 869 Isthlzzghbeji
983 829 1065 853 orn.
1097 828 1135 866 p.
1175 818 1260 850 103.

635 889 759 929 Ulula
789 890 1021 928 flammeam
1051 888 1201 926 Frisch.
1233 901 1296 925 av.
1328 884 1411 925 tab.
1444 893 1508 936 98.

634 967 800 1004 Noctua
830 967 959 1015 major
989 965 1165 1002 Brisson.
1197 978 1280 1002 orn.
1309 963 1341 1000 I.
1384 978 1423 1017 p.
1456 969 1546 1002 511.
1579 978 1615 1001 η.
1646 971 1684 1011 4.

634 1042 757 1094 Stryx
788 1039 933 1085 Ulula,
963 1040 1050 1077 Lin.
1081 1048 1184 1091 εχει.
1215 1039 1247 1076 Ι.
1280 1054 1317 1091 p.
1356 1044 1441 1077 133.
1470 1052 1530 1092 sp.
1569 1053 1625 1076 10.
1658 1039 1729 1088 (ex
1760 1038 1939 1091 synon.).

632 1117 691 1154 La
723 1113 930 1154 Chouette
964 1129 1016 1153 ou
1046 1113 1199 1167 grande
1232 1111 1482 1161 Chewssche,
1515 1113 1677 1164 Buffon.
1708 1114 1851 1152 ornith.
1881 1115 1913 1152 Ι.
1944 1129 1982 1168 p.
2005 1119 2095 1165 372.

690 1189 772 1229 tab.
809 1206 871 1241 27.
903 1189 1114 1244 (optima).
1174 1188 1433 1227 D'auberton.
1466 1192 1568 1226 icon.
1599 1190 1721 1226 color.
1753 1203 1790 1226 η.
1821 1194 1914 1237 438.

636 1266 761 1316 Stryx
792 1263 1038 1318 accipitrina
1068 1265 1172 1303 Pali.
1205 1268 1289 1302 itin.
1319 1264 1349 1300 I.
1380 1278 1475 1316 app.
1511 1278 1549 1315 p.
1582 1268 1673 1310 455.
1705 1277 1741 1300 η.
1774 1269 1811 1301 6.

636 1341 802 1378 Noctua
845 1337 1000 1387 minor,
1046 1339 1202 1377 Gmelin
1243 1338 1345 1377 Nov.
1385 1338 1498 1376 Com.
1543 1337 1703 1390 Petrop.
1740 1338 1829 1376 XV.
1874 1353 1970 1393 pag.
2002 1347 2093 1390 447.

694 1414 776 1453 tab.
815 1430 874 1452 12.
906 1413 1070 1465 (mala),
1103 1417 1230 1452 itiner.
1262 1414 1314 1451 ΙΙ.
1346 1412 1429 1451 tab.
1461 1428 1497 1460 9.

638 1487 814 1542 Caspian
847 1488 966 1534 Owl‚
995 1489 1182 1527 Latham.
1213 1503 1304 1541 syn.
1336 1488 1368 1526 I.
1401 1503 1438 1541 p.
1480 1495 1563 1538 147.
1596 1502 1632 1525 n.
1666 1493 1728 1527 36.

557 1565 605 1603 In
634 1562 780 1603 Rossia
816 1563 1061 1617 praesertim
1098 1563 1340 1602 australiore
1378 1560 1710 1615 f1·cq¹1entissi1na
1741 1561 1847 1611 avis,
1893 1562 2019 1603 etiam
2049 1563 2093 1604 in

422 1621 526 1678 lucis
556 1637 854 1693 campestribus
884 1639 1110 1678 secundum
1140 1638 1319 1692 Volgam
1362 1648 1404 1676 et
1434 1636 1678 1691 Rhymnum
1722 1638 1852 1690 (Jaik)
1892 1639 1930 1677 ss.
1974 1640 2097 1679 abun-

422 1714 544 1762 dans,
587 1712 659 1752 ubi
690 1713 855 1752 defectu
885 1713 1134 1752 latebrarum
1170 1711 1419 1767 rupestrium
1448 1710 1492 1750 in
1522 1710 1632 1750 nidis
1663 1711 1851 1751 Picarum
1881 1723 1922 1752 et
1952 1716 2096 1752 Mone—

424 1788 611 1827 dularum
639 1788 799 1842 prolem
831 1788 1000 1833 educat3
1031 1786 1117 1827 imo
1148 1787 1234 1826 visa
1263 1798 1324 1826 est
1352 1786 1462 1825 inter
1500 1786 1719 1825 arundines
1748 1786 1792 1825 in
1822 1797 1947 1826 strato
1978 1785 2095 1827 humi

425 1861 555 1900 anatis
584 1861 685 1901 nido
715 1860 804 1901 ovis
833 1860 1060 1900 incubasse.
1132 1863 1385 1914 Frequenter
1426 1859 1610 1898 interdiu
1653 1872 1842 1915 apparet,
1886 1861 2095 1917 longoque

424 1951 546 1991 saepe
577 1947 618 1976 et
648 1947 876 1991 spontaneo
905 1935 1067 1985 volatu,
1098 1947 1143 1974 ut
1172 1934 1306 1974 minus
1336 1949 1461 1974 coeca
1491 1934 1791 1988 congeneribus
1822 1935 2026 1978 videatur.

559 2021 657 2062 Obs.
687 2020 863 2061 Habitus
892 2022 1015 2076 paulo
1047 2020 1205 2060 alienus
1234 2021 1287 2060 ob
1318 2019 1466 2074 capitis
1487 2018 1743 2060 mediocrem
1766 2022 2095 2076 magnitudinem

402 2108 466 2138 *et
495 2097 690 2137 volumen
721 2095 856 2136 minus
878 2097 1132 2151 plumosum,
1163 2106 1204 2135 et
1228 2095 1351 2150 pepla
1373 2094 1556 2149 parvula.
1614 2096 1786 2135 Aurium
1808 2098 1973 2152 plume
1996 2114 2095 2138 mar-

423 2172 582 2227 ginales
612 2171 742 2211 albae.
800 2173 1014 2226 Remigum
1042 2181 1081 2221 4.
1112 2170 1292 2211 extimae
1323 2186 1344 2209 a
1374 2169 1463 2209 basi
1492 2169 1597 2209 ultra
1627 2170 1812 2211 medium
1841 2172 1978 2222 albae,
2016 2173 2094 2228 pri-

422 2263 490 2288 ma
534 2258 645 2296 tota,
690 2249 869 2288 secunda
912 2245 1152 2301 longissima
1193 2246 1311 2301 apice
1355 2256 1547 2285 serra-tae.
1624 2247 1729 2287 Alae
1771 2248 1910 2287 subtus
1952 2248 2092 2296 albae,

423 2333 585 2376 praeter
613 2322 807 2363 tectrices
836 2321 961 2378 primi
990 2320 1149 2362 ordinis
1178 2334 1367 2362 extremo
1396 2320 1546 2375 nigras.
1617 2322 1780 2363 Pondus
1822 2321 1985 2363 circiter
2024 2322 2091 2361 de—

423 2409 517 2436 cem
544 2397 778 2448 unciarum,
806 2412 878 2440 seu
906 2397 1026 2439 unius
1055 2397 1199 2438 librae.
