2196 2927
881 167 1026 193 -....—‘=
1702 172 1788 212 517

472 280 592 339 146.
685 283 724 324 A
753 283 787 324 L
817 282 856 324 A
886 281 927 323 U
956 281 997 322 D
1026 281 1066 322 A
1139 281 1436 328 Calandra.

257 357 310 394 A.
341 353 572 408 superestis
602 352 730 401 albis,
765 351 944 407 pectoris
975 351 1134 390 macula
1163 352 1304 392 biloba
1333 353 1472 407 nigra,
1513 352 1687 394 rectrice
1715 368 1785 395 ex·

118 428 220 468 tima
248 439 361 476 tota,
389 427 616 484 proximis,
648 426 954 481 remigibusque
983 425 1241 466 intermediis
1273 427 1389 482 apice
1421 428 1536 469 albis.

335 505 538 545 Calandra
567 517 662 541 vera
693 503 837 541 Olinae
866 516 951 540 ucc.
983 516 1078 555 pag.
1111 507 1175 540 30.
1212 501 1428 555 Willughb.
1459 517 1542 542 orn.
1574 519 1668 557 pag.
1696 510 1782 545 151.

394 578 602 618 Edwards.
640 580 774 630 glean.
808 577 862 614 II.
905 575 987 614 tab.
1019 580 1108 615 268.
1153 573 1284 627 (haud
1314 576 1550 628 laudanda).
1593 579 1778 618 Laelium.

389 668 481 706 syn.
512 652 582 690 IV.
614 667 653 705 p.
685 657 776 690 382.
808 666 845 690 n.
884 657 942 691 15.

334 728 497 767 Alauda
527 729 657 780 major
686 741 713 765 s.
745 725 974 774 Calandra,
1004 727 1183 766 Brisson.
1214 741 1297 767 orn.
1328 727 1401 767 ΙΙΙ.
1446 742 1484 781 ρ.
1517 732 1608 767 352.
1650 741 1709 781 sp.
1745 733 1782 767 6.

389 802 470 841 tab.
503 817 566 840 20.
588 803 673 854 fig.
704 817 741 839 2.
772 800 932 853 (mala).

336 876 499 915 Alauda
529 874 758 923 calandra,
799 876 886 914 Lin.
915 885 1018 928 ςγδι.
1048 877 1142 914 ΧΠ.
1172 877 1205 916 Ι.
1236 892 1275 932 p.
1308 882 1398 918 288.
1428 892 1489 930 sp.
1520 893 1557 928 9.
1588 877 1694 917 Cetei
1721 890 1785 917 av.

387 951 546 990 Sardin.
578 966 617 1004 p.
654 958 739 1000 ¹47·
771 949 853 989 tab.
883 957 920 991 3.

334 1028 392 1065 La
424 1025 696 1080 Coquillude,
726 1025 951 1065 D’Aubent.
983 1029 1078 1080 pict.
1110 1026 1193 1065 tab.
1225 1031 1316 1066 662.

278 1106 321 1149 [3.
352 1101 515 1140 Pullus.-
560 1099 726 1139 Giarola
756 1100 924 1140 Aldrov.
955 1115 1038 1139 orn.
1073 1100 1141 1141 lib.
1171 1101 1302 1140 XVII.
1332 1116 1422 1156 cap.
1454 1107 1518 1151 39.
1568 1099 1785 1152 Willughb.

334 1190 418 1214 orn.
450 1190 545 1229 pag.
582 1181 667 1214 152.
697 1175 788 1230 Raj.
819 1190 883 1215 av.
919 1189 1015 1230 pag.
1047 1191 1111 1227 70.
1155 1190 1192 1214 η.
1228 1192 1287 1215 10.
1330 1177 1508 1216 Brisson.
1537 1177 1681 1216 ornith.
1709 1175 1785 1213 ΠΙ.

333 1264 428 1304 pag.
460 1255 550 1288 355.
581 1263 642 1302 sp.
673 1265 710 1299 7.

253 1325 301 1362 In
331 1325 495 1362 deserto
526 1321 692 1361 australi
721 1321 831 1362 inter
859 1325 1019 1362 Tana'in
1062 1332 1103 1362 et
1146 1324 1349 1378 Volgam,
1394 1323 1586 1378 circaque
1629 1321 1787 1363 Achtu-

115 1400 211 1437 bam
240 1397 454 1451 copiosam
484 1396 713 1436 observavi.
783 1399 915 1437 Datur
954 1396 1081 1436 etiam
1110 1396 1154 1436 in
1183 1399 1359 1438 Taurica
1387 1397 1647 1438 chersoneso.
1719 1397 1791 1437 Ti-

116 1470 348 1512 midissima
378 1482 439 1510 est
468 1481 509 1510 et
536 1473 791 1510 Venatorem
821 1485 940 1525 aegre
971 1471 1168 1512 admittit.
1225 1473 1410 1513 Advolat
1433 1472 1611 1519 Martim
1642 1472 1789 1512 cantil-

115 1548 175 1586 lat
204 1545 323 1585 humi
353 1557 395 1585 et
423 1545 532 1585 inter
561 1546 810 1594 volandum,
854 1546 1094 1601 praesertim
1130 1544 1300 1585 ineunte
1331 1558 1468 1587 nocte.
1539 1549 1683 1585 Fertur
1711 1545 1788 1585 hu-

116 1621 234 1670 mili,
279 1621 351 1660 sed
380 1619 467 1659 levi
496 1620 634 1660 volatu
652 1649 664 1666 ,
709 1634 841 1675 eoque
870 1618 1187 1668 incitatissimo,
1234 1635 1310 1660 nec
1341 1635 1562 1676 suspenso,
1605 1631 1651 1659 ut
1681 1619 1790 1660 aliae

116 1708 411 1748 congerierum.
468 1696 690 1735 deulatur
718 1693 858 1744 humi,
890 1706 934 1734 ut
964 1708 1228 1749 congenereS.
1287 1697 1378 1736 Ova
1406 1694 1674 1750 proportione
1704 1710 1788 1735 non

117 1771 223 1809 bene
266 1783 440 1823 magna,
481 1768 663 1824 pallida,
706 1780 793 1808 tota
834 1768 998 1824 punctis
1040 1768 1165 1808 fuscis
1201 1784 1248 1809 ac
1276 1769 1574 1810 lutescentibus
1602 1768 1787 1818 irrorata,

118 1844 393 1885 crebrioribus
424 1854 464 1883 et
494 1842 803 1883 saturatioribus
834 1845 884 1883 ad
921 1844 1112 1883 obtusum
1154 1843 1366 1884 verticem.
1386 1870 1441 1875 -—
1469 1845 1575 1884 Pulli
1604 1845 1789 1883 nondum

119 1917 314 1972 perfectis
343 1917 498 1971 plumis
529 1917 776 1963 volitantes,
803 1918 865 1957 uti
897 1917 1178 1957 antecedentis
1206 1918 1381 1973 speciei,
1418 1918 1693 1971 similiterque
1725 1932 1787 1955 su·-

118 2007 191 2046 pra
234 1990 365 2039 fusci,
409 1988 569 2045 pallido
599 1991 773 2044 guttati;
816 2002 991 2045 suntque
1034 1991 1081 2030 hi
1122 1993 1286 2032 Giarolo
1329 1992 1665 2033 Aldrovandi.
1741 1993 1790 2032 In

122 2065 289 2105 australi
319 2064 469 2104 Sibiria
499 2063 602 2104 haec
633 2064 790 2119 species
819 2064 971 2104 nullibi
1013 2064 1100 2105 visa
1134 2076 1208 2105 est.
1279 2069 1417 2121 Usque
1446 2065 1491 2106 in
1521 2065 1684 2106 Indiam
1714 2064 1790 2105 mi<-

122 2154 237 2194 grare
267 2141 441 2179 Lacham
472 2143 579 2192 (syn.
608 2143 802 2195 supplem.
838 2143 944 2192 177).

256 2215 426 2254 Descr.
498 2215 741 2267 Magnitudo
769 2215 893 2269 paulo
923 2229 1040 2269 supra
1069 2216 1401 2269 praecedentem.
1470 2217 1661 2255 Rostrum
1688 2229 1792 2254 cras-

120 2304 228 2333 sum,
259 2287 385 2327 etiam
416 2287 571 2342 magis,
604 2303 726 2342 quam
754 2288 798 2328 in
826 2291 895 2329 Al.
926 2295 1125 2339 catarica,
1158 2305 1390 2330 convexum
1408 2321 1418 2339 ,
1450 2291 1570 2329 dorso
1600 2301 1642 2329 et
1671 2289 1791 2345 apice

119 2364 376 2413 fuscescens,
420 2362 591 2404 inferius
619 2364 837 2418 pallssdum.
908 2365 1082 2418 Veneno,
1126 2365 1295 2416 cervix,
1340 2366 1505 2407 dorsum
1534 2365 1673 2406 colore
1702 2365 1792 2408 fere
