2196 2927
885 180 1030 192 ”—
1765 181 1787 190 1-

886 196 1029 203 --..-
1731 173 1755 214 8
1769 194 1781 218 l

341 282 516 333 Martin,
548 283 737 322 Pennant.
768 281 867 333 Syn.
913 294 951 332 p.
984 283 1073 317 215.
1118 293 1154 316 η.
1192 286 1277 328 154.
1328 279 1444 319 ΖοοΖ.
1487 278 1578 319 brit.
1618 278 1697 331 (ed.
1731 282 1786 329 1²3.)-

394 361 426 398 I.
457 375 496 414 p.
528 365 591 411 76.
621 357 704 396 tab.
735 357 824 395 VII.
845 356 928 407 fig.
961 369 997 390 2.
1028 367 1065 391 η.
1104 359 1162 392 15.
1192 353 1281 408 Raj.
1311 369 1401 406 syn.
1433 371 1472 409 p.
1505 371 1596 394 200.

233 467 403 509 Rossice
431 468 588 506 Kuniza
619 463 901 520 bjeloduschka
939 460 986 512 (i.
1017 475 1052 499 e.
1085 462 1237 499 Martes
1268 459 1481 514 albigula).

231 571 636 616 Tartaris-Tauriae
666 571 848 611 Sansslzr.
886 567 1018 608 Persis
1056 568 1181 609 Dalcz.

232 684 299 723 Ab
329 680 422 721 aliis
452 680 620 721 nomine
649 694 732 720 non
762 677 1042 733 distinguitur.

231 789 399 845 Species
429 805 451 828 a
480 787 670 844 plurimis
700 786 978 828 recentiorum
1010 789 1095 837 jure
1125 784 1286 840 optimo
1316 783 1533 831 distincta,
1573 785 1796 824 Linnaeo

122 880 340 922 perperam
369 879 464 904 cum
494 867 629 903 Marte
659 861 935 916 coniungitur.
994 860 1165 901 Habitat
1193 859 1236 900 in
1260 859 1374 900 omni
1389 860 1473 900 fere
1490 859 1656 906 Bossia,
1686 874 1797 914 prae-

125 940 267 981 sertim
294 938 608 994 temperatiore,
647 953 773 994 pagos
803 952 931 992 aeque
963 952 1007 977 ac
1038 937 1172 990 sylvas
1201 936 1363 982 colens;
1406 936 1605 975 Uralense
1635 949 1798 989 quoque

124 1018 264 1071 jugum
294 1013 523 1062 inhabitat,
554 1028 631 1053 nec
660 1013 899 1068 infrequens
927 1024 989 1052 est
1016 1011 1061 1051 in
1090 1010 1308 1066 provincia
1332 1010 1526 1058 Isetensi,
1557 1009 1629 1049 ubi
1645 1010 1798 1049 vellere

125 1093 303 1130 Martem
334 1090 418 1128 fere
448 1087 581 1127 vincit
612 1102 742 1142 eaque
773 1087 1028 1143 frequentior
1057 1098 1139 1133 est3
1170 1085 1331 1125 varians
1359 1085 1420 1125 ibi
1451 1100 1614 1140 quoque
1644 1085 1799 1124 vellere

125 1163 255 1219 magis
284 1179 308 1203 e
336 1177 484 1218 gryseo
512 1163 780 1210 flavescente,
824 1162 996 1217 piloque
1034 1161 1235 1216 grossiore
1272 1172 1313 1200 et
1356 1159 1549 1207 horrido;
1590 1159 1800 1199 interdum

124 1255 147 1280 e
177 1238 416 1279 flavescenti
459 1236 708 1285 albicantes,
753 1238 893 1276 subtus
923 1235 1053 1288 magis
1084 1235 1381 1281 fuscescentes‚
1425 1234 1561 1288 capite
1603 1233 1798 1287 nigriore,

124 1329 248 1370 quam
277 1314 485 1368 vulgares,
515 1311 708 1352 auriculis
739 1310 909 1360 albidis,
954 1310 1075 1365 gulae
1104 1323 1196 1348 area
1226 1307 1400 1349 minore.
1471 1311 1520 1347 In
1554 1308 1713 1363 reliqua
1743 1307 1801 1348 Si-

124 1389 232 1430 biria
263 1390 424 1429 desunt.
485 1388 565 1427 Sed
594 1386 638 1426 in
667 1387 851 1428 Caucaso
890 1397 932 1426 et
959 1384 1136 1425 Taurica
1166 1383 1426 1425 Chersoneso
1456 1384 1712 1438 frequentes,
1742 1383 1799 1424 vi-

123 1464 222 1505 liori
250 1464 381 1520 pelle,
414 1461 594 1502 dimidio
623 1462 708 1502 fere
738 1461 884 1501 Martis
911 1461 1060 1516 pretio.
1089 1486 1144 1491 —
1185 1459 1356 1499 Animal
1385 1459 1550 1500 fortiter
1578 1457 1800 1499 Moschum

125 1540 224 1579 olet.
296 1540 544 1577 Varietatem
587 1537 746 1583 albam,
787 1536 831 1575 in
873 1537 1021 1575 eodem
1064 1551 1157 1575 cum
1195 1535 1328 1575 solitis
1358 1534 1505 1574 catulis
1536 1534 1636 1574 nido
1666 1549 1799 1588 reper-

125 1625 232 1659 tam,
282 1611 384 1651 vidi.
466 1609 647 1664 Hybridi
698 1624 934 1664 congressus
983 1624 1077 1649 cum
1119 1610 1199 1648 fele
1251 1608 1480 1648 domestica
1521 1608 1800 1662 suspicionem

128 1687 323 1741 exemplo
354 1685 487 1733 movi,
528 1686 661 1739 quod,
703 1688 860 1724 Penzae
891 1685 1172 1733 observatum,
1218 1698 1312 1722 cum
1343 1686 1467 1723 Icone
1498 1681 1703 1736 hybridae
1733 1697 1799 1738 ge—

125 1762 289 1804 niturae
318 1759 516 1817 proposui
545 1759 589 1799 in
617 1757 857 1814 posterioris
886 1760 1086 1800 Itinerarii
1115 1763 1192 1799 mei
1223 1759 1261 1796 V
1259 1761 1299 1798 ol
1327 1759 1360 1797 I.

475 1920 562 1961 28.
654 1914 1048 1960 MUSTELA
1106 1915 1449 1958 Putorius.

264 2040 323 2077 M.
354 2051 524 2092 corpore
553 2037 1030 2092 pallido-fuscescente‚
1075 2035 1252 2091 pedibus
1289 2034 1436 2089 nigris,
1482 2047 1551 2073 ore
1592 2031 1800 2072 auriculis-

129 2125 209 2168 que
241 2111 356 2152 albis.

348 2210 527 2257 Mustela
556 2218 765 2268 Putorius,
809 2221 898 2258 Lin.
926 2227 1030 2272 syst.
1060 2219 1155 2256 XII.
1186 2219 1218 2256 I.
1250 2233 1289 2273 p.
1321 2222 1385 2269 67.
1428 2232 1488 2272 sp.
1519 2234 1557 2269 7.
1600 2217 1802 2257 Schreber.

403 2296 609 2332 mammal.
639 2295 713 2332 III.
744 2310 783 2349 p.
814 2300 906 2343 485.
936 2293 1019 2333 tab.
1057 2300 1142 2333 131.
1186 2294 1364 2332 Brisson.
1404 2293 1546 2348 quadr.
1585 2309 1624 2347 p.
1661 2298 1747 2333 186.

348 2382 510 2430 Putois,
539 2384 701 2436 Buffon.
731 2387 824 2425 hist.
853 2394 935 2424 nat.
966 2385 1056 2424 VH.
1087 2400 1126 2439 p.
1164 2400 1250 2435 199.
1281 2393 1309 2423 t.
1341 2390 1405 2424 23.
