2196 2927
1111 197 1256 210 m

1113 211 1255 222 ——-—a-

358 203 422 245 '44

757 317 840 357 13.
931 310 1174 356 CANIS
1236 310 1634 352 Melcznotus.

470 430 518 471 C.
548 440 719 482 corpore
749 439 908 482 gryseo,
940 426 1104 466 auribus
1118 424 1266 480 nigris,
1296 425 1458 465 macula
1480 422 1689 464 interioris
1705 423 1902 479 marginis
1919 426 2024 476 alba,

363 503 582 546 exterioris
611 502 711 542 rufa.

469 614 682 664 Karagan,
737 609 905 649 Gmelin.
960 608 1072 662 Syst.
1129 625 1160 646 ι.
1214 623 1254 662 p.
1295 616 1360 660 74.
1403 622 1464 662 sp.
1515 615 1574 656 14.
1630 606 1769 648 Pallas-
1816 610 1946 648 itiner.
1996 625 2028 646 ι.

525 701 564 738 p.
601 701 686 735 199.
718 691 809 733 234.
1959 723 1995 756 Q

470 791 611 831 Rossis
647 789 899 845 pellionibus
934 791 1125 847 Stepnaja
1152 791 1288 831 Lisiza
1329 789 1506 844 (Vulpes
1535 790 1809 842 desertorum)
1852 803 1923 830 seu
1949 791 2030 830 Ka-

525 867 722 920 raganka.

471 972 635 1027 Kirgiso
650 997 663 1002 -
677 971 839 1012 Tataris
857 988 866 1019 3
907 971 1117 1026 Karagim.

469 1078 630 1118 Tataris
660 1081 711 1118 ad
738 1078 945 1118 Jeniseam
972 1079 1208 1118 Καναῖῑαῖὶιῖῑ
1237 1077 1372 1131 (nigra
1402 1076 1542 1129 auris).

495 1181 629 1220 Pelles
657 1181 766 1220 inter
794 1179 1016 1219 vilissimas
1046 1195 1201 1219 merces
1230 1196 1252 1219 a
1280 1179 1472 1234 Kirgisiis
1501 1178 1789 1232 Orenburgum
1813 1190 1855 1218 et
1877 1180 1927 1219 ad
1950 1181 2033 1221 alia

363 1253 540 1294 finitima
568 1254 754 1309 emporia
784 1255 1040 1300 adferuntur,
1073 1264 1116 1293 et
1143 1254 1187 1293 in
1219 1253 1527 1293 australioribus
1555 1253 1722 1300 deserti,
1752 1254 1863 1308 quod
1892 1270 2032 1309 perva-

363 1339 521 1383 gantur,
553 1328 794 1383 capiuntur3
824 1328 961 1383 ipsum
991 1327 1158 1375 animal,
1188 1330 1299 1383 quod
1329 1328 1457 1368 etiam
1485 1328 1529 1368 in
1550 1328 1746 1381 Songaria
1775 1339 1817 1368 et
1846 1330 1897 1368 ad
1924 1329 2034 1369 Jeni-

362 1417 474 1443 seam
502 1402 768 1458 superiorem,
811 1405 930 1443 datur
959 1418 1056 1443 vero
1095 1403 1139 1442 in
1167 1403 1415 1451 borealibus,
1459 1418 1599 1443 coram
1640 1402 1782 1443 videre
1824 1405 2033 1459 integrum

362 1491 445 1518 non
474 1477 663 1532 contigit,
694 1478 765 1517 sed
794 1487 855 1517 est
883 1476 1100 1516 evidenter
1128 1478 1351 1532 peculiaris
1380 1478 1549 1532 speciei.

468 1639 635 1678 Descr.
703 1641 744 1689 (e
770 1636 989 1691 pellibus):
1026 1637 1268 1690 Magnitudo
1298 1636 1470 1676 minoris
1506 1636 1677 1691 Vulpis;
1720 1638 1867 1692 Caput,
1908 1651 1953 1678 ut
1988 1638 2033 1678 in

361 1713 520 1758 eadem,
550 1711 842 1760 acuminatum,
874 1727 971 1751 naso
1001 1711 1164 1758 canino,
1193 1713 1316 1752 nudo.
1376 1713 1414 1752 V
1413 1722 1523 1752 ertex
1552 1713 1787 1759 flavescens,
1818 1714 2032 1754 oculorum

362 1786 540 1826 ambitus
568 1787 795 1835 rufescens,
839 1788 911 1826 sed
947 1786 1046 1826 cilia
1075 1787 1205 1841 nigra.
1276 1789 1486 1840 Mystaces
1515 1786 1622 1840 nigri
1651 1798 1693 1827 et
1721 1797 1896 1827 rostrum
1924 1803 2031 1842 pone

362 1871 403 1900 et
431 1876 550 1915 supra
578 1873 781 1916 mystaccs
809 1865 932 1902 litura
959 1861 1204 1916 triangulari
1233 1863 1358 1908 fusca,
1398 1861 1511 1902 canis
1541 1862 1744 1917 adspersa.
1815 1863 1894 1902 Pili
1937 1873 2031 1902 ante

362 1950 476 1976 aures
504 1936 678 1991 copiosi,
720 1936 847 1991 longi,
891 1948 932 1977 et
961 1936 1140 1976 anterius
1171 1936 1274 1983 albi3
1317 1952 1432 1977 aures
1467 1936 1580 1992 ipsae
1622 1937 1777 1991 nigrae,
1820 1938 1871 1976 ad
1912 1936 2031 1977 basin

361 2014 522 2051 macula
551 2011 749 2065 marginis
778 2011 995 2051 anterioris
1026 2012 1130 2060 alba,
1162 2011 1337 2060 externi,
1377 2026 1472 2051 cum
1499 2011 1590 2051 basi
1618 2022 1719 2059 tota,
1762 2013 1862 2051 rufa.
1934 2013 2029 2051 Cor-

363 2100 435 2138 pus
463 2085 551 2139 pilo
579 2085 751 2133 rudiori,
780 2102 903 2141 quam
932 2087 976 2126 in
1004 2087 1154 2141 Vulpe,
1185 2086 1283 2126 satis
1310 2097 1449 2126 tamen
1479 2086 1620 2134 molli,
1648 2087 1786 2127 colore
1810 2088 1894 2126 fere
1910 2086 2030 2141 Lupi,

362 2167 479 2198 extus
508 2174 667 2214 gryseo,
695 2161 794 2215 pilis
823 2152 1079 2216 longioribus
1108 2161 1237 2216 nigris
1266 2162 1413 2210 mixto,
1442 2161 1552 2201 intus
1580 2161 1881 2209 cinerascente3
1911 2176 2029 2215 supra

363 2235 546 2286 scapulas
589 2250 681 2275 area
723 2235 852 2289 magis
894 2237 1123 2275 fuscescens
1165 2247 1207 2276 et
1248 2236 1346 2276 inde
1387 2236 1511 2276 fascia
1550 2237 1601 2276 ad
1629 2238 1802 2276 caudam
1831 2236 2029 2276 continuo

364 2306 682 2349 subfulvescens.
754 2311 863 2349 Area
891 2309 1209 2362 longitudinalis
1238 2313 1334 2358 lata,
1375 2311 1474 2350 inde
1504 2327 1526 2349 a
1555 2312 1726 2351 maxilla
1755 2311 1910 2350 collum
1938 2310 2029 2348 sub·

363 2390 427 2421 tus
454 2391 588 2423 totum
615 2398 820 2438 occupans
849 2394 890 2423 et
918 2397 991 2438 per
1019 2394 1162 2438 pectus
1191 2387 1390 2439 producta
1417 2399 1543 2439 usque
1570 2387 1622 2425 ad
1642 2384 1888 2425 umbilicum
1902 2384 2028 2430 fusca,
