2196 2927
909 209 1050 217 ...a-—

1727 196 1811 234 107

142 296 302 351 quales,
346 307 441 334 cum
469 290 674 347 prioribus
710 289 956 346 pectinatim
992 295 1200 330 coeuntes.
1271 291 1454 346 Exiguus
1482 306 1556 346 pro
1584 303 1698 331 tanta
1728 291 1813 330 fera

142 369 330 410 dentium
369 373 603 423 apparatus!
631 391 685 397 —-
726 365 957 405 Videbatur
997 363 1080 403 hoc
1122 363 1307 404 cranium
1348 366 1460 406 illius
1502 382 1588 407 esse
1631 364 1813 415 Phocae‚

143 459 267 499 quam
296 458 348 483 ex
376 443 592 482 Ausonii
623 438 902 494 descriptione
931 441 1184 479 Linnaeus
1212 439 1423 480 leoninam
1454 441 1694 496 appellavit.
1753 440 1812 480 Si-

143 519 286 558 milem
315 519 399 557 fere
428 515 617 556 dentium
645 525 890 555 structuram
927 512 1164 567 descripsit,
1210 512 1253 552 in
1298 514 1460 553 exuviis
1501 530 1717 570 perperam
1760 514 1812 555 ad

142 592 300 634 Manati
329 590 488 641 relatis,
520 591 741 631 Parsons
769 590 813 630 in
843 599 969 630 actor.
1001 591 1149 643 anglic.
1179 589 1270 629 Vol.
1299 589 1466 627 XLVII.
1497 605 1536 643 p.
1573 599 1659 639 114.

274 745 405 785 Nota
436 761 472 784 2.
529 744 780 785 stellerus
823 741 1012 798 prodidit
1051 741 1096 782 in
1138 742 1341 782 adversar.
1384 742 1471 780 MS.
1513 740 1813 796 pinguedinem

140 824 184 860 P.
216 819 407 860 leoninae
449 818 536 859 cuti
578 830 687 859 arcte
730 817 1027 859 adhaerentem
1068 832 1150 858 non
1193 832 1279 857 esse
1321 817 1602 871 oleagineam,
1647 827 1693 855 ut
1721 815 1814 856 aliis

139 893 311 941 Phocis,
342 893 442 934 hinc
472 893 724 948 sapidiorem
753 905 795 934 et
828 893 1080 941 dulciorem,
1123 892 1278 932 ovillae
1309 892 1534 941 aemulam,
1579 906 1655 931 nec
1684 891 1814 931 ranci-

140 971 236 1009 dam
265 969 332 1008 vel
360 968 655 1023 pisculentam3
698 980 744 1009 ut
772 970 876 1009 adeo
904 968 1083 1008 secunda
1113 966 1346 1022 digestione
1374 966 1630 1021 pisculentae
1660 965 1814 1007 Phoca-

143 1059 233 1083 rum
261 1057 424 1089 carnes,
454 1042 603 1097 quibus
632 1043 831 1098 pascitur,
863 1053 1072 1083 correctae
1102 1041 1335 1081 videantur.
1391 1043 1536 1091 Renes,
1575 1052 1621 1081 ut
1648 1040 1692 1081 in
1721 1039 1814 1080 aliis

142 1118 310 1174 phocis,
357 1132 379 1156 e
409 1117 560 1156 lobulis
590 1117 831 1173 compositi,
876 1116 1087 1158 communi
1117 1131 1267 1157 nervea
1295 1116 1488 1165 inclusis,
1531 1129 1704 1170 quorum
1733 1114 1813 1155 sin-

139 1192 237 1247 gulo
282 1191 439 1246 papilla
480 1203 522 1231 et
563 1190 875 1232 infundibulum
915 1192 1139 1246 peculiare.
1211 1194 1445 1231 Intestinum
1489 1191 1681 1245 aequale,
1723 1189 1812 1230 sine

139 1280 280 1307 coeco.
346 1268 531 1307 Feminae
560 1281 832 1306 mammarum
860 1266 1042 1321 papillae
1073 1275 1110 1316 4.
1141 1265 1252 1306 circa
1281 1265 1540 1306 umbilicum.

570 1448 648 1494 37.
739 1441 1056 1486 PHOCA
1146 1444 1383 1497 nigra.

274 1566 318 1602 P.
364 1563 591 1603 auriculata
631 1561 775 1617 nigra,
830 1561 979 1617 palmis
1029 1560 1197 1601 muricis
1251 1560 1600 1615 pinniformibus,
1657 1559 1810 1615 plantis

141 1636 486 1691 triunguiculatis.

357 1726 495 1766 Phoca
525 1726 701 1781 pusilla,
733 1727 905 1767 Gmelin.
934 1736 1037 1779 syst.
1075 1727 1163 1764 Lin.
1193 1727 1225 1765 I.
1257 1741 1296 1779 p.
1329 1732 1392 1766 65.
1423 1740 1483 1779 sp.
1521 1742 1579 1766 10.
1610 1725 1810 1765 Schreber.

411 1806 618 1842 mammal.
647 1803 722 1841 ΙΙΙ.
753 1819 792 1857 p.
824 1809 915 1851 314.
946 1801 1029 1840 tab.
1061 1806 1125 1841 85.

355 1893 465 1933 Petit
495 1892 688 1947 Phoque‚
720 1894 879 1946 Buffon.
912 1893 1003 1931 hist.
1034 1900 1117 1930 nat.
1146 1892 1261 1930 XIII.
1293 1906 1332 1945 p,
1364 1897 1454 1931 333.
1487 1890 1569 1931 tab.
1601 1896 1665 1931 53.

277 1985 341 2022 Ex
369 1983 635 2023 ulterioribus
663 1981 810 2022 insulis
842 1980 1038 2022 Curilicis
1062 1981 1217 2020 adlatas
1241 1979 1410 2020 exuvias
1437 1979 1593 2026 habeo,
1625 1980 1815 2018 eandem-

146 2070 224 2110 que
254 2057 436 2111 speciem
464 2059 678 2098 effarctam
707 2072 758 2097 ex
804 2056 950 2096 Indico
993 2069 1149 2095 oceano
1191 2055 1370 2094 adlatam
1411 2053 1455 2093 in
1498 2053 1645 2107 Belgio
1690 2068 1815 2108 quon-

147 2132 242 2171 dam
270 2131 482 2186 descripsi.

281 2285 454 2324 Descr.
513 2286 664 2331 Parva,
708 2293 796 2321 tota
835 2292 939 2330 atra,
985 2280 1169 2335 gracilis,
1211 2278 1435 2320 abdomine
1480 2280 1815 2335 gryseo-fusces-

149 2370 283 2400 cente.
342 2361 475 2413 Caput
504 2361 652 2398 Lutrae
682 2358 788 2407 fere,
820 2372 917 2397 naso
946 2371 1094 2412 parvo,
1126 2370 1202 2396 nec
1231 2355 1344 2396 labio
1374 2355 1582 2410 superiore
1605 2355 1663 2395 ita
1687 2354 1815 2395 utrin-

1384 2436 1406 2456 ἦε
