2196 2927
1710 215 1795 255 105

127 311 199 353 riti
228 311 413 367 zelotypi
442 323 610 366 gregem
637 311 812 359 ducunt,
855 307 1094 349 custodiunt
1122 319 1165 348 et
1190 324 1265 364 pro
1294 310 1454 351 familia
1482 323 1678 367 pugnant.
1738 317 1802 353 In-

125 399 190 427 ter
218 401 385 442 gregem
414 398 591 426 matrum
619 383 864 425 lactantium
904 382 1148 437 plerumque
1186 398 1271 423 mas
1308 399 1410 425 unus
1439 387 1574 428 senior
1603 387 1801 429 excubias

127 462 226 517 agit.
284 465 349 502 De
379 461 559 502 moribus
589 470 632 499 et
657 458 806 514 pugnis
838 467 1048 498 caeterum
1075 457 1348 498 Stellarum
1375 461 1555 502 consule.
1621 466 1669 502 In
1697 462 1803 504 mari

129 551 266 576 morsu
295 548 336 576 et
365 537 511 576 robore
539 534 780 574 tremendae
821 542 934 581 sunt,
978 542 1021 571 et
1057 531 1130 572 vix
1168 543 1341 572 venator
1369 533 1476 573 ullus
1505 537 1691 578 cominus
1734 553 1801 579 eas

128 622 313 651 natantes
344 608 499 650 adoriri
535 609 672 649 audet.
742 605 969 647 Venenatis
1011 606 1255 662 praesertim
1291 607 1456 661 jaculis,
1500 619 1543 649 et
1582 613 1804 668 praecipue

126 685 170 725 in
199 685 309 725 sicco
340 694 642 739 oppugnantur.
719 682 880 722 Vivunt
908 680 1090 721 maxime
1120 681 1293 721 aliarum
1322 681 1556 723 Phocarum
1584 686 1804 727 venatione

127 771 170 800 et
199 773 335 799 morsu
363 759 604 798 tremendae
636 768 742 797 sunt.
814 757 895 797 Sed
926 755 1136 797 inhabiles
1167 767 1284 796 extra
1313 772 1480 812 aquam,
1525 758 1627 799 licet
1654 760 1805 814 palmis

125 832 482 889 praeruptissimas
509 847 631 888 rupes
664 833 876 873 scandant.
933 831 1070 872 Prima
1098 831 1143 871 ni
1170 831 1291 872 fallor
1319 832 1478 873 mentio
1508 832 1583 875 Ph.
1614 834 1807 875 leoninae

127 909 236 963 apud
277 909 542 955 Shelvoke,
586 909 780 962 (Voyage
809 906 938 949 round
981 908 1045 948 the
1080 907 1207 948 world
1251 912 1292 948 in
1333 910 1398 949 the
1438 924 1542 963 year
1584 926 1804 963 ¹7¹9·22·

128 983 255 1024 Lond.
291 990 390 1037 1726
409 990 475 1024 -8.
506 1000 546 1039 p.
572 986 683 1036 254.)

262 1135 436 1176 Descr.
495 1132 755 1174 Stelleriarris
796 1135 1000 1189 quaedam
1028 1148 1051 1175 e
1080 1135 1218 1191 capite
1248 1150 1342 1177 cum
1371 1135 1482 1190 pelle
1512 1134 1806 1178 Camtschatca

127 1209 272 1259 misso,
316 1208 518 1249 foeminei
547 1208 758 1257 animalis,
804 1209 1085 1263 supplementi
1114 1211 1207 1251 loco
1238 1211 1401 1250 addam.
1460 1211 1575 1250 Mole
1604 1221 1646 1250 et
1674 1212 1805 1252 forma

126 1284 249 1324 rostri
276 1294 319 1323 et
348 1282 518 1338 capitis,
550 1293 596 1323 ut
624 1294 667 1323 et
694 1283 835 1324 colore
864 1283 987 1338 pellis
1016 1285 1068 1324 ad
1097 1284 1322 1324 maximam
1346 1288 1553 1324 Leaenam
1582 1286 1686 1325 adeo
1713 1300 1806 1342 pro·

127 1373 180 1414 pe
211 1357 392 1408 accedit,
435 1369 482 1398 ut
522 1357 673 1399 Leonis
715 1358 867 1399 marini
903 1373 1055 1399 nomen
1084 1359 1191 1400 nulli
1220 1358 1353 1415 aptius
1382 1359 1541 1415 speciei
1569 1360 1805 1411 conveniat,

126 1432 370 1488 praesertim
411 1447 506 1473 curn
545 1433 674 1474 etiam
710 1433 890 1474 maribus
928 1435 1070 1474 cervix
1100 1435 1286 1489 longiore
1314 1433 1403 1489 pilo
1432 1435 1584 1488 jubata.
1655 1436 1806 1477 Dentes

129 1508 375 1562 singulares:
416 1523 539 1563 supra
568 1513 760 1563 primores
787 1508 1030 1549 intermedii
1059 1520 1233 1564 quatuor
1274 1507 1444 1558 minuti,
1489 1510 1571 1550 duo
1612 1509 1805 1565 adproxi-

128 1581 252 1637 mati,
281 1581 472 1632 later-ales
501 1581 720 1638 distanteS,
751 1583 889 1622 obtusi
918 1597 1081 1629 omnes-3
1112 1581 1266 1622 dehinc
1295 1582 1489 1636 utrinque
1517 1583 1666 1624 seriem
1694 1584 1802 1625 clau-

127 1656 193 1697 dit
219 1657 315 1696 dens
342 1656 511 1709 octuplo
544 1659 693 1709 major,
724 1655 918 1696 caninum
941 1656 1125 1710 spurium
1146 1656 1370 1705 mentiens,
1401 1657 1590 1706 conicus,
1620 1659 1802 1708 obtusus,

129 1730 335 1770 alternans
377 1744 472 1769 cum
513 1728 663 1769 canino
704 1744 803 1770 vero
845 1729 1040 1770 maxillae
1082 1730 1309 1778 inferioris;
1353 1732 1498 1771 Canini
1539 1732 1628 1771 veri
1657 1734 1707 1773 ab
1736 1733 1802 1774 his

129 1804 350 1850 distantes,
379 1803 536 1857 magni,
568 1804 725 1854 antice,
757 1815 803 1844 ut
829 1803 872 1844 in
903 1803 1048 1859 Apris,
1089 1804 1247 1844 detriti.
1319 1807 1429 1857 Infra
1459 1811 1650 1861 primores
1678 1809 1803 1862 paulo

128 1882 323 1932 majores,
353 1877 562 1934 quaterni,
592 1879 703 1920 inter
731 1895 772 1919 se
801 1879 861 1920 ita
890 1878 1108 1928 distantes,
1147 1890 1192 1919 ut
1220 1894 1316 1920 cum
1345 1881 1624 1936 superioribus
1653 1882 1803 1924 mediis

127 1953 276 1993 alterni
312 1961 478 2002 coeant3
509 1959 641 1995 canini
669 1954 794 1995 inferi
823 1954 1005 1994 maxime
1035 1954 1184 2004 erecti,
1225 1954 1360 1994 minus
1390 1954 1534 2005 crassi,
1580 1957 1652 1995 sed
1682 1957 1801 2012 apice

129 2028 433 2083 productiores,
476 2043 553 2069 nec
596 2029 753 2070 detriti.
824 2030 1002 2069 Molares
1043 2028 1228 2084 parvuli,
1269 2029 1373 2069 serie
1411 2028 1570 2068 caninis
1600 2029 1801 2085 contigui,

129 2102 239 2142 inter
267 2113 308 2142 se
348 2113 392 2142 et
430 2119 452 2142 a
499 2103 659 2143 caninis
698 2103 1041 2158 aequidistantes,
1085 2105 1242 2144 alterne
1284 2110 1498 2152 coeuntes,
1544 2118 1662 2159 supra
1704 2120 1801 2160 qua-

130 2188 242 2224 tuor,
270 2176 378 2216 infra
406 2176 542 2231 quini,
574 2177 789 2226 conoidei,
833 2177 1101 2217 obtusissimi.
1159 2179 1368 2231 Mystaces
1396 2179 1562 2225 breves,
1603 2178 1802 2233 rigidissi·
1848 2187 1852 2194 ⁴

131 2252 189 2292 mi
218 2250 659 2298 setaceo-adtenuati,
703 2250 800 2291 albi.
871 2252 1006 2291 Nasus
1033 2252 1185 2299 nudus,
1225 2251 1506 2306 triangularis,
1549 2252 1658 2293 inter
1685 2269 1801 2297 nares

130 2340 269 2366 versus
298 2337 459 2381 septum
489 2337 808 2380 convergentes,
837 2325 1032 2373 lineares;
1076 2325 1174 2366 stria
1203 2325 1306 2366 labii
1335 2327 1554 2383 superioris
1583 2329 1800 2385 fusco-pi·

130 2400 230 2442 losa.
287 2402 504 2443 Auriculae
532 2416 642 2457 pone
671 2413 854 2444 meatum
884 2401 1136 2443 auditorium
1173 2401 1389 2458 exiguum,
1427 2402 1647 2454 minimae,
1688 2403 1801 2446 coni·

1386 2487 1432 2530 14
