2196 2927
910 207 1051 230 z
1727 206 1814 245 425

150 322 349 367 occupet,
391 324 474 351 non
503 320 642 350 tamen
672 305 945 362 derelinquit3
989 304 1172 360 gramina
1201 306 1302 348 illuc
1332 317 1544 362 congestat
1574 316 1615 346 et
1644 304 1818 361 plumas.

151 387 372 433 Pcd-zculis,
413 396 582 441 propter
609 384 849 424 continuam
877 380 1151 430 lavationem,
1197 383 1281 421 fere
1312 394 1436 422 caret.
1510 381 1637 422 Domi
1668 380 1820 422 enutri-

150 475 214 502 tus
245 462 467 501 admodum
511 458 725 500 familiaris
768 457 928 498 evadit:
971 459 1152 496 Vocatus
1194 456 1322 496 instar
1365 457 1588 511 gallinulae
1631 456 1822 503 accurrit,

149 537 347 592 pabulum
377 550 400 574 e
430 534 617 574 manibus
648 544 907 588 accepturus3
939 536 1099 572 Muscas
1129 543 1287 587 captat3
1332 534 1475 572 crebro
1504 533 1635 579 lavat3
1681 532 1821 571 nivem

150 613 200 651 ab
244 609 556 650 adventantium
596 608 888 648 calceamentis
918 618 1048 648 rostro
1079 607 1238 647 decutit
1269 618 1310 646 et
1340 607 1461 647 avide
1493 618 1625 654 vorat;
1678 610 1824 647 Mone-

148 698 209 726 tas
240 696 449 739 argenteas
479 683 656 724 minutas
685 683 849 738 colligit
877 684 994 722 furax
1025 693 1066 722 et
1102 682 1145 722 in
1188 682 1332 722 nidum
1363 692 1595 736 congestat3
1637 681 1823 721 comedit

149 760 275 801 etiam
305 774 427 814 grana
456 758 695 799 hordei.—-
727 760 853 798 Multa
884 758 1018 813 plebis
1051 760 1102 798 do
1133 758 1212 798 hac
1243 757 1439 812 singulari
1471 772 1544 797 ave
1571 755 1821 811 superstitio.

147 836 379 890 Pinguedo,
412 850 517 890 quae
547 834 700 890 hyeme
732 835 932 882 abundat,
977 833 1145 873 inuncta
1177 844 1283 873 artus
1315 849 1336 872 a
1366 833 1461 886 gelu
1490 846 1750 888 praeservare
1781 841 1822 870 et

148 911 310 950 dolores
340 909 577 950 arthriticos
607 911 749 950 sedare
780 908 946 950 dicitur.
1007 910 1122 948 Idem
1153 909 1226 949 alii
1257 911 1307 949 de
1338 909 1535 963 sanguine
1565 906 1821 963 praedicant.

149 986 256 1026 Caro
286 1001 378 1026 cum
408 985 580 1040 plumis,
625 984 802 1024 exemtis
847 984 957 1039 prius
989 985 1233 1028 visceribus,
1279 984 1322 1024 in
1353 985 1472 1023 furno
1502 983 1655 1023 siccata
1702 993 1824 1036 atque

148 1060 345 1109 contrita,
391 1060 543 1100 dicitur
574 1060 701 1115 Equis
732 1060 773 1099 in
805 1060 951 1100 Suc-cia
981 1072 1022 1101 et
1051 1060 1261 1115 Nor-vagia
1290 1058 1522 1115 propinari,
1566 1056 1822 1097 vehementi-

147 1151 227 1190 que
257 1137 404 1176 sudore
434 1134 579 1176 elicito
609 1135 791 1175 scabiem
822 1152 962 1176 eorum
1001 1152 1233 1191 persanare.
1305 1133 1446 1174 Tatari
1490 1134 1824 1185 Crasnojarenses

148 1211 401 1257 fabulantur,
447 1209 480 1249 si
518 1211 683 1265 plumae
727 1226 969 1266 pennaeque
1008 1211 1147 1252 Cincli
1178 1210 1448 1266 projiciantur
1476 1208 1519 1247 in
1551 1223 1719 1262 aquam,
1765 1220 1826 1245 su-

150 1296 413 1340 pernatantes
442 1284 518 1325 tali
548 1286 724 1339 gaudere
754 1285 927 1335 virtute,
967 1297 1011 1326 ut
1043 1286 1075 1325 si
1106 1286 1287 1325 vestibus
1316 1284 1533 1325 soemellae
1565 1283 1737 1335 alicujus
1765 1281 1826 1321 in-

149 1371 353 1407 serantur,
384 1374 475 1399 eain
505 1359 549 1399 in
581 1376 763 1401 amorem
793 1361 927 1408 illius,
958 1360 1029 1416 qui
1059 1360 1337 1416 perpetravit,
1382 1370 1544 1414 cogant.
1616 1357 1706 1398 Alii
1736 1357 1824 1412 plu-

149 1449 235 1474 mas
268 1435 490 1474 adnectunt
521 1435 674 1490 plagis,
721 1436 869 1490 quibus
908 1436 1061 1491 hyeme
1105 1434 1332 1475 Zibellinas
1375 1433 1592 1489 decipiunt
1634 1434 1824 1486 (Gmclin.

148 1525 229 1550 sen.
261 1515 388 1550 itiner.
422 1510 531 1549 sibir.
561 1513 633 1549 ΙΙΙ.
664 1527 703 1565 p.
736 1516 847 1564 378).
918 1514 1056 1565 Quum
1102 1510 1271 1552 Cinclus
1313 1521 1471 1549 tantum
1513 1508 1666 1564 hyeme
1705 1524 1824 1563 appa-

149 1596 257 1633 reat,
293 1585 451 1625 Alcedo
481 1597 648 1635 contra,
681 1601 784 1640 quae
815 1586 996 1626 moribus
1027 1585 1175 1625 similis
1205 1596 1276 1625 est⁴
1307 1595 1467 1624 tantum
1499 1595 1672 1631 aestate,
1703 1582 1824 1622 multi

148 1674 201 1699 ex
234 1660 358 1715 plebe
390 1662 583 1710 credunt,
615 1673 831 1717 utramque
863 1663 1037 1703 eandem
1077 1676 1186 1708 esse,
1227 1660 1373 1700 habitu
1409 1674 1483 1715 pro
1515 1659 1610 1698 anni
1638 1669 1824 1714 tempore

152 1746 331 1782 mutato,
363 1751 499 1784 avem,
531 1735 763 1791 iisdemque
793 1737 1031 1777 nominibus
1061 1737 1284 1792 appellant.

284 1812 450 1851 Descr.
508 1813 751 1866 Magnitudo
779 1813 903 1868 paulo
932 1812 1038 1852 infra
1069 1813 1281 1867 vulgarem
1311 1814 1503 1852 Sturnum
1530 1822 1572 1852 et
1595 1809 1825 1867 proportio-

151 1899 223 1923 nes
251 1885 475 1926 breviores.
533 1887 722 1927 Rostrum
749 1887 934 1937 tenuius,
978 1903 1280 1943 compressum,
1325 1888 1412 1928 basi
1453 1886 1624 1927 ulterius
1667 1886 1826 1940 plumo-

152 1973 261 2008 sum,
307 1975 441 2014 neque
473 1963 731 2017 depressum,
777 1973 821 2001 ut
851 1962 937 2009 illi;
980 1962 1152 2002 maxilla
1180 1978 1344 2018 quoque
1375 1963 1425 2002 ad
1455 1962 1604 2001 rictum
1635 1956 1826 2014 margini-

152 2034 226 2073 bus
257 2034 390 2074 minus
419 2036 563 2089 gibba3
594 2039 716 2091 Apex
747 2036 866 2076 rostri
897 2037 1081 2092 superior
1109 2036 1302 2085 iuflexus,
1335 2052 1456 2077 crena
1487 2036 1679 2090 utrinque
1709 2037 1825 2075 obso-

155 2107 376 2156 letissima,
405 2121 451 2149 ut
478 2111 523 2150 in
553 2111 794 2152 Motacillis.
861 2112 1064 2152 thri-ssae
1092 2111 1244 2151 nullae.
1313 2113 1443 2151 Nares
1471 2109 1668 2160 lineares,
1712 2126 1825 2164 squa—

147 2183 267 2222 -mula
296 2199 440 2238 supera
469 2185 787 2241 longitudinali‚
831 2188 1022 2242 depressa
1049 2186 1206 2242 potius,
1251 2201 1374 2240 quam
1405 2185 1624 2235 fornicata,
1668 2186 1827 2241 plumu-

158 2257 305 2312 laeque
334 2260 480 2300 frontis
510 2261 660 2316 angulo
690 2276 740 2301 eo
768 2273 1025 2318 procurrunt.
1083 2264 1240 2315 Lingua
1271 2273 1459 2316 angusta,
1504 2275 1826 2302 corneo-mem-

148 2333 380 2384 branacea,
423 2336 674 2386 fuscescens,
719 2336 906 2387 linearis,
952 2337 1069 2393 apice
1110 2336 1257 2387 bifida,
1299 2337 1530 2378 subciliata.
1601 2337 1828 2378 Oculorum

156 2409 279 2449 indes
308 2411 622 2461 fusco-luteae3
652 2413 867 2469 palpebrae
896 2412 1080 2467 margine
1109 2414 1221 2453 nudo
1249 2414 1409 2463 fuscae,
1448 2414 1519 2457 sed
1547 2412 1743 2469 plumulis
1774 2411 1827 2451 al-

1344 2496 1395 2538 54
