2196 2927
385 206 442 248 60
1147 215 1291 237 -Ξ

385 317 567 358 sentiunt
594 316 720 356 etiam
756 324 1022 369 tempestates
1059 313 1319 368 ingruenteS,
1362 323 1404 352 et
1431 311 1603 352 indubie
1634 311 1841 362 indicant,
1888 316 2051 369 quando

384 391 642 446 quiescentes
673 389 753 429 sibi
782 391 969 430 scrobem
997 389 1040 428 in
1070 388 1166 428 nive
1196 387 1414 428 effodiunt.
1488 388 1625 427 Etiam
1653 387 1696 427 in
1726 387 1853 442 sylvis
1883 400 2052 429 statutas

383 465 553 520 sparsim
582 480 657 520 pro
686 465 783 505 feris
812 464 1023 520 decipulas
1053 478 1173 504 canes
1204 463 1352 503 melius
1380 464 1471 518 ipso
1500 474 1694 503 venatore
1725 474 1895 512 norunt,
1927 475 1965 503 et
1983 463 2053 503 he-

381 555 468 579 rum
499 547 548 579 ab
578 555 658 579 una
688 541 738 579 ad
769 539 893 579 aliam
941 550 1054 579 certo
1094 538 1294 578 instinctu
1337 540 1504 579 ducunt.
1577 537 1707 578 Curili
1740 537 1867 577 etiam
1896 538 2053 578 marina

379 614 528 654 itinera
558 614 851 669 suscipientes,
883 629 1003 653 canes
1034 628 1173 653 secum
1203 612 1387 661 vehunt,
1417 612 1514 668 quia
1543 628 1641 654 naso
1673 628 1811 652 auram
1841 624 2053 668 captantes

379 697 538 726 certum
568 688 732 728 vicinae
762 700 893 728 terrae
924 688 1128 728 indicium
1156 689 1368 742 praebent.
1426 691 1585 728 Notatu
1608 687 1894 742 dignissimum
1916 699 2053 728 autem

378 773 439 800 est
468 761 511 801 in
543 762 694 802 Sibiria
733 774 773 802 et
805 762 1093 803 Camtschatca
1129 762 1469 817 hydrophobiam
1505 778 1715 818 nunquam
1756 762 1952 802 invadere
1991 778 2054 803 ca-

380 849 467 884 nes,
500 851 674 891 quorum
704 837 764 876 ibi
795 837 928 877 morbi
957 850 1100 878 contra
1131 837 1223 886 alii,
1264 854 1301 877 v.
1333 852 1391 892 gr.
1424 837 1675 892 alopeciam,
1710 837 1883 877 mictum
1913 852 2052 877 cruen-

377 920 464 949 tum
494 926 588 951 cum
618 923 778 952 tumore
809 911 1002 965 genitalis
1034 916 1176 967 (quem
1206 912 1381 952 decocto
1411 911 1578 952 corticis
1605 912 1725 952 Sorbi
1754 913 1848 952 1000
1878 911 2053 952 fomenti

376 989 558 1038 curant),
590 986 858 1035 coecitatem,
891 987 1066 1041 plicam,
1113 998 1155 1026 et
1184 988 1351 1026 tandem
1385 991 1435 1040 (a
1464 986 1695 1038 trahendo)
1726 987 1961 1041 prolapsum
1992 986 2053 1025 in-

379 1059 519 1099 testini
550 1060 674 1109 recti,
706 1076 789 1101 non
820 1077 954 1100 rarum
984 1072 1045 1100 est
1074 1063 1305 1100 observare.
1364 1064 1427 1100 De
1457 1061 1627 1100 canibus
1656 1075 1730 1115 per
1767 1069 1815 1109 40
1849 1060 1937 1100 dies
1967 1058 2052 1099 ine-

376 1134 488 1173 diam
505 1134 633 1189 passis
662 1137 768 1175 Hise.
799 1136 847 1175 de
876 1137 1038 1175 Z’Acad.
1067 1137 1115 1175 de
1142 1136 1260 1175 Paris
1288 1151 1351 1174 an.
1390 1142 1502 1187 1706.
1562 1139 1649 1189 Ego
1668 1138 1894 1189 Vertagum
1924 1134 2053 1174 habui

376 1223 428 1248 ex
459 1208 684 1251 aviculario
714 1209 961 1263 hybridum,
995 1209 1067 1264 qui
1096 1224 1244 1249 coecus
1274 1211 1403 1250 factus
1433 1210 1585 1249 incidit
1615 1210 1658 1248 in
1688 1221 1858 1264 puteum
1896 1209 2051 1249 siccum

376 1281 527 1337 hyeme
557 1293 599 1321 et
627 1294 720 1338 post
755 1285 855 1323 duos
893 1285 1061 1322 demum
1091 1298 1250 1323 menses
1281 1295 1487 1324 extractus
1517 1283 1614 1332 fuit,
1659 1284 1781 1338 plane
1812 1283 2050 1323 emaciatus.

378 1357 596 1397 Caeterum
640 1372 760 1396 canes
790 1359 1048 1407 Nomadum,
1085 1357 1185 1398 licet
1215 1373 1336 1413 saepe
1368 1360 1417 1398 ab
1448 1357 1560 1398 heris
1590 1357 1781 1398 derelicti
1812 1358 1856 1397 in
1887 1359 2049 1398 deserto

376 1441 556 1470 errantes
600 1432 929 1486 conspiciantur,
978 1448 1186 1486 nunquam
1228 1444 1366 1472 tamen
1399 1432 1475 1472 seri
1505 1433 1681 1473 evasisse
1712 1432 1791 1472 visi
1822 1444 1934 1481 sunt,
1977 1434 2049 1473 sed

375 1506 427 1545 ad
456 1507 622 1554 eadem,
654 1506 722 1545 vel
751 1505 831 1545 alia
861 1517 991 1545 castra
1007 1508 1192 1546 redeunt.
1251 1510 1500 1546 Asseverant
1525 1519 1664 1547 autem
1680 1507 1914 1556 Calmucci,
1946 1519 2047 1547 tem-

373 1594 472 1634 pore
503 1579 628 1619 oestri
657 1594 740 1619 non
768 1595 904 1619 rarum
933 1595 1019 1619 esse
1050 1595 1170 1620 canes
1200 1581 1402 1620 foeminas
1433 1593 1578 1636 sponte
1622 1597 1692 1620 sua
1734 1581 1778 1621 in
1821 1581 1996 1622 desertis
2026 1598 2048 1621 a

375 1653 481 1708 lupis
523 1653 624 1693 iniri
669 1664 711 1693 et
753 1655 909 1693 catulos
940 1656 1087 1694 robore
1119 1666 1160 1695 et
1191 1654 1346 1695 ferocia
1376 1655 1561 1710 patribus
1591 1655 1748 1696 similes
1779 1657 1915 1697 edere.
1976 1659 2048 1696 Fe-

374 1738 466 1767 runt
509 1727 637 1767 etiam
678 1728 816 1783 lupos,
862 1729 933 1783 qui
980 1744 1074 1769 cum
1111 1729 1244 1784 glacie
1289 1729 1416 1769 rarius
1445 1729 1489 1769 in
1519 1729 1673 1785 primas
1702 1730 1854 1771 insulas
1886 1731 2046 1772 Curilas

375 1802 608 1856 appellunt,
653 1802 887 1856 promiscuo
917 1819 1011 1844 011111
1041 1804 1210 1845 canibus
1240 1819 1459 1859 congressu
1487 1804 1549 1845 ibi
1579 1820 1773 1859 generare
1804 1805 2042 1860 hybridum,

376 1877 487 1930 quod
529 1876 735 1916 coloribus
779 1892 926 1917 canum
977 1879 1121 1919 variat.
1193 1879 1475 1935 Hybridorum
1517 1881 1729 1935 exempla,
1792 1882 1842 1920 ab
1888 1880 2045 1920 inclusa

376 1964 470 1989 cum
514 1951 612 2005 lupo
651 1966 752 1991 cane
790 1964 976 1993 natorum
1006 1954 1049 1993 in
1080 1954 1224 1994 Rossia
1254 1970 1337 1995 non
1367 1970 1454 1994 rara
1485 1954 1731 2004 extiterunt,
1771 1966 1813 1995 et
1842 1955 2044 1995 familiam

377 2039 397 2063 a
440 2024 537 2079 lupo
575 2025 692 2080 nigro
738 2038 779 2066 et
822 2043 921 2067 cane
965 2031 1208 2083 productam
1250 2029 1347 2070 satis
1389 2045 1666 2079 numerosam,
1713 2045 1837 2085 quae,
1882 2041 2043 2086 praeter

376 2113 502 2162 unum
531 2099 737 2151 albidum,
775 2103 909 2142 omnis
940 2103 1261 2145 similitudinem
1289 2105 1436 2161 patris,
1476 2105 1625 2146 habitu
1654 2117 1696 2145 et
1727 2106 1885 2154 colore,
1925 2116 1970 2145 ut
1999 2117 2041 2144 et

376 2173 530 2214 ferocia
566 2176 843 2229 praeferebat,
888 2181 971 2231 jam
1013 2195 1133 2235 supra
1175 2180 1511 2221 commemoravi.
1592 2179 1729 2220 Etiam
1780 2196 1875 2220 cum
1916 2181 2041 2235 vulpe

376 2258 513 2287 natam
550 2247 775 2304 hybridam
817 2253 1060 2305 progeniem
1103 2255 1232 2295 nostri
1262 2271 1345 2296 non
1374 2255 1578 2309 ignorant.
1651 2257 1775 2296 Canis
1804 2270 1946 2295 aureus
1975 2270 2040 2293 au-

375 2329 460 2360 tem
489 2321 547 2360 ita
577 2323 730 2364 amicus
760 2336 821 2364 est
862 2325 955 2365 cani
985 2327 1200 2379 familiari,
1244 2341 1288 2371 ut
1325 2332 1376 2371 de
1406 2329 1761 2385 consanguinitate
1790 2328 1938 2369 horum
1968 2329 2039 2369 ho·

376 2393 482 2434 mini
512 2410 639 2450 aeque
670 2399 930 2441 addictorum
960 2400 1202 2443 animalium
1232 2404 1303 2445 vix
1335 2404 1554 2445 dubitandi
1584 2406 1696 2445 locus
1726 2403 1791 2443 sit.
