2196 2927
375 184 461 223 290
1145 183 1289 207 m

592 281 772 322 Balaena
799 280 1020 337 Physalus,
1062 283 1150 322 Lin.
1179 292 1283 336 syst.
1314 282 1409 321 XII.
1438 283 1471 323 I.
1502 297 1598 337 pag.
1636 288 1722 324 106.
1758 298 1819 339 sp.
1850 300 1886 325 2.
1917 285 2051 327 Schre‘

651 358 731 398 ber.
763 362 970 398 mammal.

597 432 797 482 Finfisch,
828 435 1021 474 Martens.
1053 434 1179 490 spizb.
1211 450 1250 488 p.
1287 440 1373 475 125.
1403 434 1486 474 tab.
1517 434 1568 490 Q.
1597 436 1681 489 fig.
1712 450 1746 475 c.
1785 435 1905 476 Penn.
1935 436 2053 477 Zool.

652 509 743 549 brit.
776 512 881 562 (lito)
911 511 986 549 III.
1018 527 1057 565 p.
1089 517 1153 551 51.
1184 526 1222 549 η.
1260 516 1318 550 18.

490 583 661 624 Rossice
692 585 790 624 Kiit.
862 585 1056 626 Coraecis
1095 585 1265 639 (adulti)
1298 587 1444 632 Clar0,·
1485 584 1666 639 juniores
1693 586 1863 640 Jynggi.
1942 589 2059 626 Cam-

544 658 773 700 tschadalis
803 661 907 714 Day
938 662 1005 700 vel
1036 662 1290 714 Clzui-Day.

519 739 567 776 In
604 735 708 774 mari
738 736 865 774 boreo
894 746 935 774 et
966 736 1136 775 Oceano
1178 735 1373 775 orientali
1417 751 1548 791 aeque
1587 736 1768 791 vulgaris
1805 736 1891 776 imo
1924 735 2062 790 vulga¹

383 810 542 851 tissima
573 811 751 867 species;
795 810 1059 865 potissimum
1095 810 1288 864 Loligine
1329 822 1369 850 et
1399 811 1584 851 Medusis
1628 811 1802 866 aliisque
1835 810 2063 851 minoribus

383 885 598 942 aequoreis
630 885 891 925 animalculis
921 884 1132 925 victitans.
1197 888 1311 926 Haec
1341 885 1429 941 ipsa
1468 898 1553 935 est,
1599 889 1712 939 cujus
1742 886 1925 926 sceleton
1956 901 2064 927 anno

390 971 505 1015 1740.
537 977 559 1001 e
595 961 699 1002 mari
736 962 863 1001 boreo
901 960 1143 1016 Petropolin
1189 960 1341 1001 adtulit
1382 963 1522 1002 Petrus
1563 964 1600 1000 Κ
1611 967 1779 1015 arg-in,
1823 960 2063 1015 Chirurgus,

385 1038 580 1092 quodque
618 1038 661 1077 in
702 1039 843 1077 Museo
886 1037 1198 1077 Academiae
1240 1037 1566 1092 Petropolitanae
1609 1047 1849 1076 asservatur.
1926 1038 2067 1081 Natat,

386 1123 431 1151 ut
461 1113 547 1152 fere
578 1112 717 1152 omnia
749 1113 929 1153 Cetacea
993 1097 1193 1152 undulato
1221 1122 1354 1152 tractu
1391 1127 1461 1152 seu
1491 1113 1695 1161 flexuoso,
1739 1111 1977 1151 alternatim
2005 1125 2067 1150 ca-

387 1199 463 1243 put
493 1189 721 1242 mergendo
751 1199 793 1227 et
831 1189 969 1227 denuo
1009 1189 1269 1242 exsurgendo
1311 1198 1482 1241 tumque
1526 1186 1647 1227 simul
1692 1186 1895 1227 vorticem
1937 1199 2068 1240 aquae

390 1262 596 1318 spiraculo
628 1274 870 1303 eructat.—
899 1265 962 1301 Ex
992 1262 1284 1302 observatione
1314 1263 1523 1302 Scelleri
1561 1277 1647 1301 mas
1677 1276 1771 1301 cum
1799 1260 1953 1300 femina
1984 1266 2067 1300 Au-

391 1349 509 1392 gusto
540 1349 581 1378 et
613 1337 848 1393 Septembri
878 1353 953 1393 per
989 1337 1104 1392 paria
1138 1349 1280 1377 natant
1323 1348 1364 1376 et
1407 1336 1752 1391 congrediuntur,
1795 1351 1942 1391 corpus
1984 1336 2068 1376 sere

391 1413 499 1452 ultra
530 1412 755 1453 dimidium
784 1412 1060 1467 longitudinis
1091 1428 1209 1467 supra
1247 1413 1376 1452 undas
1412 1411 1817 1467 perpendiculariter
1845 1411 2067 1465 erigentes.

389 1491 690 1544 Tempestuosa
719 1499 968 1544 tempestate
1009 1488 1235 1528 admodum
1270 1486 1503 1542 inquietae,
1541 1486 1726 1527 velocius
1755 1487 2071 1533 circumnatant,

392 1564 521 1618 magis
552 1579 699 1619 corpus
730 1579 850 1619 supra
880 1578 1034 1618 aequor
1065 1563 1297 1612 extollunt,
1343 1573 1384 1602 et
1422 1572 1548 1602 noctu
1578 1577 1700 1617 saepe
1732 1561 1915 1617 rugitum
1945 1576 2071 1617 quen-

394 1640 489 1679 dam
520 1640 662 1680 edunt.
732 1641 800 1679 Ab
838 1639 958 1680 Orcis
997 1638 1146 1678 misere
1186 1637 1451 1692 exagitantur
1479 1648 1521 1677 et
1549 1652 1671 1693 saepe
1702 1638 1863 1678 lacerae
1892 1637 1936 1678 in
1966 1638 2072 1678 vada

395 1725 438 1754 et
466 1714 608 1755 littora
638 1715 870 1769 pelluntur,
910 1729 993 1753 non
1024 1712 1111 1752 sine
1141 1713 1257 1766 gravi
1285 1712 1467 1767 ipsarum
1495 1713 1647 1766 rugitu·

532 1791 703 1830 Descr.
735 1805 787 1828 ex
817 1787 1154 1828 adnotationibus
1185 1787 1443 1841 praelaudati
1470 1789 1677 1841 Kargin.
1744 1789 1910 1837 „Pinna
1938 1787 2070 1841 longi-

398 1863 573 1914 „tudine
603 1862 833 1903 semiulnae
862 1863 907 1902 in
937 1864 1058 1902 dorso
1087 1877 1226 1901 versus
1254 1862 1441 1902 caudam.
1513 1863 1744 1917 Longitudo
1772 1864 1899 1903 totius
1937 1881 1979 1903 12
2011 1878 2071 1903 or-

398 1953 526 1994 „gyas
558 1939 780 1993 aequabat,
824 1954 896 1979 seu
931 1939 1060 1993 pedes
1100 1936 1284 1991 anglicos
1314 1943 1379 1986 84.
1447 1938 1581 1992 Caput
1624 1938 1917 1993 duodeviginti
1944 1939 2073 1994 pedes

398 2014 598 2068 „longum
628 2025 670 2053 et
699 2013 1018 2061 crassissimum,
1055 2012 1099 2053 in
1136 2016 1249 2066 cujus
1279 2011 1436 2052 vertice
1466 2017 1576 2054 sinus
1604 2024 1855 2054 transversus
1885 2012 2070 2068 insignis,

398 2090 609 2144 „palmam
641 2090 806 2144 longus,
851 2089 994 2130 crassis
1023 2088 1168 2135 labiis,
1211 2087 1383 2128 scissura
1417 2100 1586 2143 patente
1618 2089 1784 2140 divisis,
1829 2090 1952 2130 valde
1981 2103 2070 2143 pro-

399 2166 577 2215 „fundus
624 2166 934 2221 (Spiraculum).
1011 2167 1071 2207 Os
1112 2166 1207 2205 loco
1249 2163 1440 2206 dentium
1481 2164 1592 2204 intus
1634 2165 1871 2220 praeditum
1912 2167 2073 2206 laminis

399 2244 471 2293 ,‚(e
502 2241 712 2297 superiore
742 2242 933 2296 maxilla)
964 2242 1147 2289 corneis,
1190 2251 1278 2280 atro
1310 2239 1533 2290 coeruleis,
1578 2242 1629 2281 ad
1655 2241 1815 2296 postica
1843 2239 1972 2296 palati
2000 2252 2072 2292 per

400 2315 686 2362 „validissima
715 2318 942 2372 ligamenta
986 2317 1176 2362 firmatis,
1222 2320 1417 2372 iuxtaque
1459 2316 1589 2372 palati
1632 2315 1939 2371 longitudinem
1981 2327 2070 2366 pro-

400 2389 586 2443 „ductis‚
633 2407 805 2447 quarum
848 2393 1047 2447 altitudo,
1091 2391 1310 2448 longitudo
1353 2403 1396 2432 et
1431 2391 1636 2433 crassities
1666 2391 1921 2446 inaequale-23,
1971 2403 2068 2444 qua·
