2196 2927
882 181 1025 204 Ε
1693 175 1773 217 281

119 289 227 319 stans
269 289 356 319 tota
398 278 509 320 fibris
551 278 784 335 parallelis,
828 281 880 320 ad
921 289 1059 319 cutem
1102 282 1519 335 perpendiculari-ibus,
1567 292 1783 337 compacte

118 354 434 408 conglutinatis,
481 355 700 395 albissimis
737 353 989 409 spongiosi8‚
1031 354 1302 395 substantiam
1343 356 1782 412 parenchymatosam,

119 443 214 469 Cum
256 430 478 470 tenacitate
522 430 712 477 mollem,
757 443 977 468 exsuccam
1017 427 1383 478 constituentibus,
1428 443 1520 485 post
1550 432 1785 480 diuturnam

118 503 162 542 in
195 519 297 558 aqua
328 503 647 544 macerationem
677 502 719 542 in
751 504 979 556 fragmenta
1009 502 1152 550 facile,
1198 503 1385 552 fissilem,
1430 506 1604 545 vasculis
1633 504 1785 562 nervis·

118 593 198 632 que
230 579 351 633 plane
382 577 641 625 destitutam,
685 592 788 632 quae
820 593 841 616 a
870 577 997 616 latere
1041 576 1145 616 cutis
1175 579 1423 630 subjacentis
1453 579 1564 634 poris
1607 595 1678 619 seu
1720 595 1784 618 va-

121 653 272 707 g'nulss
310 652 628 692 Foraminulenta
663 663 746 698 est,
784 652 1216 707 perpendicularibus,
1262 652 1334 707 qui
1370 653 1492 693 villos
1524 653 1628 693 cutis
1658 653 1786 708 ipsius

120 728 264 768 molles
295 726 404 766 intus
434 726 675 781 suscipiunt.
740 730 831 781 Ipsa
861 732 962 767 cutis
992 742 1063 766 seu
1092 732 1243 768 corium
1274 731 1334 780 ζ)
1373 739 1533 768 constat
1563 726 1790 767 substantia

120 804 319 848 subflzwa,
350 810 374 850 4
405 801 606 840 linearum
638 803 720 840 fere
752 801 956 850 crassitie,
996 813 1114 841 extus
1144 813 1231 841 tota
1263 801 1522 842 holosericea
1552 802 1666 847 villis
1695 815 1790 840 con-

118 876 371 924 fertissimis,
411 875 627 924 mollibus,
671 877 865 923 setaceis‚
907 876 1105 916 laminam
1143 875 1262 915 istam
1306 878 1495 916 fibrosam
1525 874 1790 916 subintranti-

118 953 213 999 bus,
256 967 335 1005 qua
367 953 550 991 detracta
579 951 667 990 sine
697 953 781 991 ulla
810 952 1003 991 firmitate
1047 951 1227 999 fluitant,
1276 951 1553 991 maereatione
1596 951 1641 990 in
1685 965 1790 1005 aqua

121 1027 328 1066 finduntur
359 1029 459 1077 (non
487 1036 626 1065 tamen
654 1026 734 1073 ita,
765 1038 809 1066 ut
839 1042 930 1066 cum
960 1029 1222 1080 Ruyschio
1253 1029 1349 1066 thes.
1380 1037 1490 1065 anat.
1520 1029 1551 1066 I.
1596 1041 1691 1080 pag.
1724 1032 1787 1074 39.

120 1101 164 1140 in
194 1102 318 1140 ubere
349 1100 546 1139 balaenae
577 1100 751 1155 papillas
782 1112 969 1141 cutateas
1001 1101 1172 1141 diffissas
1203 1103 1468 1147 observante,
1507 1115 1582 1155 pro
1621 1098 1789 1138 fascicu-

121 1176 173 1215 lis
203 1175 444 1214 fibrillarum
481 1188 723 1213 nervearum
760 1174 907 1215 haberi
949 1179 1119 1230 queant)
1163 1177 1235 1214 sed
1278 1175 1495 1214 evidenter
1538 1175 1789 1215 dilaceratae

121 1260 339 1304 apparent,
386 1249 499 1287 velut
537 1248 582 1287 in
620 1249 845 1288 taeniolam
883 1251 1240 1288 membranaceam
1270 1250 1495 1298 resolutae,
1543 1264 1648 1303 quae
1678 1247 1791 1302 prius

121 1325 342 1364 convoluta
371 1322 465 1362 villi
495 1322 678 1378 speciem
707 1325 971 1378 praebuerat:
1002 1324 1147 1369 Unde,
1178 1335 1220 1362 et
1242 1340 1263 1362 a
1288 1324 1453 1363 defectu
1483 1338 1677 1378 pororum
1708 1321 1794 1376 epi·

122 1397 324 1438 dermidis
351 1409 395 1437 et
433 1397 620 1446 reticuli,
661 1398 899 1437 difFerentia
935 1397 1107 1452 insignis
1145 1397 1254 1437 inter
1291 1409 1573 1444 cetaceorun]‚
1605 1397 1794 1437 aliorum·

123 1488 201 1527 que
231 1471 474 1511 animalium
502 1471 785 1526 integumenta
823 1484 950 1527 patet.
981 1498 1027 1502 —
1061 1471 1249 1524 (Viscera
1291 1472 1454 1511 interna
1498 1471 1542 1511 in
1585 1470 1795 1525 descripto

124 1546 351 1601 specimine
382 1547 572 1594 deerant,
616 1558 780 1601 praeter
816 1546 1096 1599 generationis
1133 1560 1282 1599 organa
1328 1545 1541 1598 mascula.)
1613 1548 1793 1585 Genitale

126 1633 341 1661 externum
373 1636 396 1660 e
427 1636 557 1660 crassa
586 1620 675 1660 basi
719 1620 854 1660 subito
896 1632 1170 1669 attenuatum,
1218 1619 1503 1674 subspiraliter
1543 1630 1793 1667 contortum,

126 1696 235 1750 plica
266 1695 370 1734 cutis
398 1695 598 1735 tenuioris
627 1695 715 1735 basi
757 1695 1089 1748 subvaginatum‚
1130 1695 1396 1734 terminatum
1415 1696 1569 1748 glande
1592 1694 1792 1741 subulata,

125 1785 257 1811 crasso
286 1770 504 1825 praeputio
534 1770 747 1824 vaginam,
779 1769 894 1824 apice
924 1772 1140 1824 perforata.
1201 1769 1321 1809 Penis
1352 1781 1524 1809 externe
1562 1780 1671 1809 totus
1700 1778 1795 1807 cute

127 1844 349 1884 tenerrime
379 1845 526 1884 villosa
556 1845 747 1892 vestitusg
791 1845 952 1899 glandis
983 1845 1162 1885 cuticula
1193 1856 1364 1884 externa
1393 1844 1544 1891 laevis,
1581 1843 1691 1883 intus
1730 1857 1797 1896 pa-

132 1919 290 1973 pillulis
321 1919 607 1960 minutissimis
637 1921 765 1975 ipsius
802 1921 961 1975 glandis
1006 1921 1270 1974 respondens.
1343 1921 1495 1974 Corpus
1538 1931 1798 1958 cavernosum

135 1993 332 2047 ssrnpleX,
363 2005 486 2043 teres,
518 2010 651 2034 crasso
681 1994 896 2035 involucro
926 1995 1192 2039 corticanum,
1223 1994 1290 2032 cui
1317 1993 1482 2047 penitus
1513 1992 1705 2031 immersa
1729 1992 1796 2030 de·

136 2068 260 2106 currit
291 2070 470 2114 wethi-a,
513 2069 680 2123 proprio
711 2085 933 2109 cavernoso
976 2083 1147 2123 corpore
1190 2067 1433 2111 incrustata,
1474 2067 1586 2120 quod
1628 2065 1715 2105 basi
1752 2064 1796 2104 in

138 2142 310 2181 bulbum
340 2156 516 2182 crassum
546 2144 798 2183 intumescit.
858 2146 1032 2184 Musculi
1064 2152 1253 2192 erectores
1289 2141 1433 2188 crassi,
1474 2143 1640 2190 breves,
1683 2139 1798 2179 fasci-

199 2255 249 2295 ()
278 2256 304 2284 E
333 2255 430 2285 corio
457 2255 626 2286 Leucadis
654 2259 803 2298 propter
831 2254 1042 2297 elegantiam
1071 2257 1107 2286 et
1142 2253 1344 2285 albedinem
1378 2258 1415 2286 et
1456 2254 1501 2285 ob
1540 2252 1799 2295 longitudinem

283 2314 540 2346 exscinduntur
568 2315 766 2347 loramenta
798 2326 863 2357 pro
890 2315 1052 2357 regendis
1080 2316 1199 2357 equis,
1227 2325 1315 2355 non,
1343 2319 1382 2348 ut
1406 2313 1601 2348 LInnacus
1629 2311 1800 2355 prodidit,

288 2373 364 2404 lora
393 2378 614 2415 suspensoria
641 2359 909 2406 curriculorum.

1386 2448 1435 2483 36
