2196 2927
381 182 436 224 88
1140 181 1285 206 a

595 285 785 331 Polecat,
814 283 1005 323 Pennant.
1033 296 1126 337 syn.
1155 297 1195 336 p.
1227 285 1319 323 213.
1349 296 1387 321 n.
1425 287 1511 323 152.
1539 281 1657 322 Zool.
1688 281 1832 323 britan.
1876 283 1957 336 (ed.
1988 284 2047 336 4.)

649 363 682 399 Ι.
712 376 751 415 p.
781 368 846 412 74.
875 358 957 398 tab.
989 364 1026 399 6.

490 469 661 510 Rossice
690 470 819 514 Chor,
849 469 1044 523 Chorjok;
1085 465 1260 506 Ueranis
1294 465 1448 511 Tchor‚·
1490 465 1656 506 Polonis
1690 466 1858 508 Tchorz.
1915 467 1963 506 In
1993 464 2052 506 Si-

544 543 652 584 biria
682 541 880 597 adoptivo
911 558 932 581 a
961 540 1165 596 Tungusis
1194 541 1362 581 nomine
1392 542 1604 582 Soloncha.

489 651 651 692 Tataris
682 649 985 690 casaniensibus
1015 661 1057 689 et
1086 647 1266 689 sibiricis
1295 650 1450 699 Kuse'n,
1491 651 1835 695 Ssaasse-Imse'm
1877 647 2057 704 Kirgiso-

546 725 686 766 tataris
717 727 975 772 Sasslzoesen,
1003 723 1171 764 tauricis
1200 725 1467 764 Keneltschilz,

493 833 729 876 Calmuccis
757 834 939 877 Kurnae5
969 830 1156 871 Teleutis
1185 832 1445 885 Schergalah.

494 941 698 997 Tungusis
728 942 953 993 Scholongo
992 938 1274 994 (improprie).

496 1048 741 1090 Lettonibus
779 1049 915 1092 Sesks;
955 1045 1093 1087 Esthis
1129 1047 1304 1087 Tulzlzur.
1346 1045 1668 1087 Tschereniissis
1695 1047 1888 1087 Pschiara.
1927 1045 2062 1087 Ostia-

551 1125 610 1165 cis
640 1125 739 1163 Καε.

497 1229 716 1282 Samojedo
732 1253 745 1258 -
760 1224 991 1280 Caragassis
1020 1226 1219 1281 Kunyrju.

524 1337 603 1375 Per
629 1349 799 1376 omnem
828 1331 998 1373 Rossiae
1036 1342 1078 1371 et
1114 1330 1291 1371 Sibiriae
1327 1331 1616 1382 latitudinem,
1662 1332 1850 1388 exceptis
1880 1331 2064 1372 maxime

389 1409 647 1457 borealibus,
677 1408 851 1464 sylvosis
882 1418 1004 1462 atque
1034 1405 1264 1462 paludosis,
1296 1407 1579 1461 vulgatissima
1603 1407 1712 1447 inter
1736 1407 1915 1447 minores
1945 1408 2064 1456 feras,

390 1500 527 1525 versus
558 1495 738 1524 austrum
767 1498 841 1538 per
869 1496 1037 1522 ornnem
1065 1480 1277 1520 Tatariam
1307 1496 1497 1536 magnam
1527 1494 1712 1522 extensa.
1778 1481 1951 1522 Habitat
1979 1482 2065 1536 ple-

389 1574 561 1614 rumque
590 1558 635 1598 in
677 1557 834 1612 campis
878 1556 1047 1611 apricis,
1091 1555 1354 1609 graminosis‚
1400 1555 1540 1604 siccis,
1586 1557 1780 1597 cuniculo
1821 1555 1956 1595 ulnari
1996 1555 2067 1596 ve'l

386 1634 522 1674 minus
551 1630 854 1688 profunditate,
888 1645 1012 1685 quem
1041 1630 1146 1669 forte
1177 1645 1200 1668 a
1231 1629 1388 1670 Citillis
1418 1642 1627 1685 paratum,
1672 1631 1855 1685 jugulato
1884 1629 2065 1685 hospite,

387 1709 467 1750 sibi
499 1709 668 1762 adaptat
696 1717 738 1746 et
768 1705 929 1746 dilatat.
988 1704 1135 1745 Inveni
1164 1704 1268 1744 tales
1297 1704 1531 1754 cuniculos,
1563 1705 1651 1745 sine
1674 1706 1758 1745 ulla
1780 1716 1920 1759 egesta
1944 1716 2064 1754 terra,

389 1783 558 1837 oblique
591 1781 750 1836 aliquot
778 1782 969 1820 ulnarum
998 1779 1260 1834 longitudine
1309 1780 1632 1830 descendentes,
1677 1796 1772 1820 cum
1801 1794 1964 1819 camera
1992 1779 2066 1819 vix

391 1859 442 1897 ad
471 1857 613 1896 ulnam
642 1857 865 1911 profunda,
911 1854 1157 1895 mollissimo
1195 1854 1381 1909 gramine
1418 1855 1565 1904 farcta‚
1611 1855 1773 1910 aliaque
1816 1870 1868 1894 ex
1898 1854 2066 1909 proprio

392 1931 526 1972 canali
557 1932 836 1971 descendente
865 1929 1153 1986 profundiore,
1184 1945 1259 1985 pro
1288 1930 1450 1978 cloaca,
1483 1941 1524 1969 et
1551 1929 1677 1970 tertio
1699 1931 1869 1969 tandem
1893 1928 2066 1984 obliquo

393 2018 434 2046 et
464 2006 707 2061 longissimo
737 2005 894 2055 canali,
925 2021 999 2061 pro
1029 2006 1229 2045 servanda
1257 2004 1366 2045 intra
1394 2004 1696 2059 conglaciatam
1723 2016 1875 2044 terram
1898 2005 2063 2059 praeda,

394 2093 435 2121 et
474 2097 548 2137 pro
578 2081 749 2136 refugio.
824 2082 1044 2121 Accedunt
1073 2081 1124 2120 ad
1152 2095 1298 2136 pagos,
1338 2081 1514 2136 praedae
1553 2095 1691 2129 causa,
1736 2094 1826 2119 raro
1857 2090 1995 2118 autem
2023 2078 2067 2118 in

393 2156 492 2210 ipsis
521 2156 637 2211 pagis
667 2155 872 2196 habitant.
940 2155 1064 2195 Vitae
1094 2155 1370 2204 tenacissimi,
1413 2166 1459 2194 ut
1489 2155 1560 2194 diu
1589 2154 1854 2208 strangulati,
1898 2154 1965 2193 vel
1995 2154 2068 2192 sub

397 2246 499 2284 aqua
529 2230 710 2279 detenti,
743 2230 864 2270 facile
895 2230 1168 2279 reviviscant3
1200 2230 1323 2271 simul
1353 2229 1637 2280 callidissimi,
1670 2229 1934 2283 maximeque
1965 2242 2070 2267 nior-

398 2305 517 2343 daces
555 2317 596 2345 et
637 2304 805 2345 canibus
845 2303 962 2353 ideo,
1007 2316 1049 2343 et
1078 2307 1130 2344 ob
1160 2304 1414 2346 horrendum
1443 2306 1666 2354 foetorem,
1714 2319 1836 2359 quem
1868 2300 2069 2355 exagitati

400 2379 594 2427 fundunt,
637 2377 974 2435 quam-maxime
1015 2378 1144 2419 exosi.
1212 2381 1379 2423 Clamor
1421 2379 1518 2418 irati
1561 2380 1646 2420 fere
1691 2379 1811 2418 Picae
1855 2377 2066 2416 caudatae.
