2196 2927
365 169 422 208 30
1120 186 1263 193 ———

368 272 464 313 dam
494 272 688 313 defodere
719 269 873 310 dicitur
915 281 956 309 et
983 269 1042 310 ita
1069 284 1223 326 parcusa
1243 285 1330 311 esse
1359 268 1464 317 cibi,
1507 281 1552 309 ut
1593 284 1674 311 uno
1703 270 1844 327 lepore
1876 287 1950 328 per
1980 273 2040 313 bh

367 349 495 388 duum
524 347 671 393 alatur3
701 360 853 386 novam
880 360 963 386 non
994 356 1193 400 appetens
1221 347 1432 402 praedam,
1472 346 1605 385 donec
1634 358 1823 401 paratum
1851 349 2039 405 absump⁴

366 422 431 462 sit.
490 420 600 461 Parit
628 431 862 475 quaternos,
891 435 1038 461 coecos
1067 431 1113 459 ut
1142 435 1393 475 congeneres
1424 421 1634 476 reliquae,
1665 433 1707 462 et
1735 421 1836 462 licet
1863 435 2042 464 atenera

366 507 497 537 aetate
526 496 700 535 educata
728 495 991 535 ferocitatem
1019 510 1103 536 non
1132 495 1263 536 exuit.
1322 496 1489 536 Dicitur
1520 496 1719 552 congredi
1748 498 1972 539 Februario
2001 511 2043 539 et

365 586 514 611 novem
556 569 797 625 septimanis
840 581 958 611 utero
1001 585 1156 625 gerere.
1230 572 1268 610 V
1268 575 1456 612 arietates
1492 572 1542 612 ab
1575 571 1809 612 auctoribus
1839 572 2041 627 allegatae

366 647 416 686 ab
453 656 610 692 aetate,
652 645 746 685 loco
772 656 824 684 et
859 645 956 685 anni
990 657 1200 701 tempore3
1242 647 1352 686 unde
1382 646 1509 687 etiam
1538 646 1648 687 Felis
1692 652 1907 701 norvagica
1935 651 2042 690 Lin.

367 720 439 762 vix
468 737 490 761 a
518 724 658 776 Lynce
675 719 838 760 videtur
868 720 1174 776 distinguenda.
1233 721 1467 769 Sibiricam,
1496 737 1620 777 quam
1635 720 1706 761 hic
1723 722 1928 773 describo,
1958 740 2042 765 sae-

365 797 457 853 pius
487 797 538 836 ad
565 795 771 836 Jeniseam
797 795 986 844 tractavi,
1017 796 1155 837 vivam
1185 808 1227 838 et
1255 808 1471 846 mortuam,
1501 797 1780 853 plurimasque
1808 797 1940 853 pelles
1969 814 2039 838 va-

369 871 520 912 riarum
547 870 762 925 regionum
791 871 963 914 contuli.

498 1031 638 1071 Descr.
666 1031 844 1073 Pondere
884 1033 1070 1074 adultum
1107 1033 1259 1073 animal
1288 1031 1412 1073 libras
1450 1035 1523 1072 LX
1553 1042 1723 1086 aequat,
1758 1029 1889 1070 immo
1919 1043 2038 1070 exce-

364 1103 439 1145 dit.
510 1107 719 1160 Mystaces
757 1106 862 1154 albi3
905 1118 1080 1148 mentum
1107 1108 1204 1163 pilis
1232 1106 1471 1154 horridum,
1515 1107 1831 1152 subba1·batum;
1874 1120 2041 1146 verruca

365 1181 662 1234 supraocularis
690 1181 915 1222 multiseta.
984 1183 1196 1223 Parocides
1223 1182 1326 1222 villo
1356 1181 1543 1235 longiore
1574 1181 1869 1228 subbarbatae,
1909 1179 2038 1235 inque

366 1252 506 1293 medio
534 1254 725 1309 utrinque
745 1257 948 1306 fasciculo
988 1256 1120 1310 nigro.
1181 1257 1301 1297 Oculi
1329 1255 1522 1311 charopi;
1552 1256 1769 1310 palpebrae
1799 1255 1931 1302 albae,
1974 1270 2036 1295 su-

367 1327 504 1383 perior
532 1328 649 1382 nigro
679 1328 838 1368 ciliata:
869 1346 891 1369 a
920 1329 1072 1371 cantho
1101 1330 1261 1386 postico
1290 1329 1446 1370 lineola
1467 1329 1710 1384 producitur
1725 1329 1855 1384 nigra,
1886 1331 2038 1384 angulo

366 1403 481 1443 unita
509 1403 643 1443 lineae
672 1405 745 1444 sub
774 1405 896 1445 oculo
924 1406 1086 1452 ductae,
1119 1405 1186 1445 cui
1214 1405 1412 1460 parallela
1441 1403 1521 1443 alia
1543 1418 1616 1458 per
1639 1419 1763 1457 genas
1792 1403 2035 1459 producitur

369 1489 544 1518 arcuata.
612 1480 651 1518 V
648 1488 758 1518 ertex
797 1479 914 1533 nigro
952 1491 1190 1534 punctatus,
1226 1492 1271 1520 ut
1299 1480 1343 1519 in
1372 1482 1417 1518 F.
1448 1479 1607 1518 Manul.
1637 1480 1767 1519 Aures
1796 1490 1915 1519 extus
1949 1493 2039 1534 gry-

368 1566 472 1599 seae,
500 1553 623 1592 litura
654 1553 760 1599 alba,
787 1553 971 1607 margine
1000 1554 1371 1608 ferruginescente,
1409 1552 1524 1607 apice
1554 1557 1669 1605 (cum
1695 1557 1882 1608 penicillo
1915 1553 2038 1609 polli-

368 1626 453 1667 cari
481 1627 729 1679 subreflexo)
766 1638 890 1667 atrae.
963 1628 1068 1668 Gula
1098 1629 1214 1675 alba,
1255 1628 1449 1682 utrinque
1479 1626 1677 1667 fasciculo
1707 1627 1825 1683 nigro
1855 1629 1928 1667 sub
1957 1643 2039 1667 ma-

370 1701 485 1741 xilla.
544 1702 680 1742 Vellus
709 1717 827 1756 supra
860 1701 1134 1757 (hybernum)
1164 1702 1572 1758 gryseo—lutescens,
1603 1713 1723 1741 extus
1752 1702 1850 1756 pilis
1880 1701 2039 1755 longio-

369 1775 481 1815 ribus
510 1775 673 1823 albidis,
701 1791 942 1831 summoque
973 1776 1091 1832 apice
1121 1777 1257 1824 fuscis,
1300 1791 1534 1823 canescens,
1574 1776 1618 1815 in
1648 1775 1925 1831 pulcrioribus
1954 1792 2038 1816 ma-

368 1849 429 1904 gis
465 1849 649 1890 minusve
688 1851 922 1898 lituratum;
966 1857 1102 1893 cervix
1135 1863 1371 1907 tractusque
1412 1850 1582 1906 spinalis
1624 1851 1753 1905 magis
1792 1851 2035 1905 ferrugines-

371 1936 481 1973 cunt,
510 1925 644 1965 lituris
671 1927 915 1982 plerumque
944 1926 1286 1967 evidentioribus.
1346 1925 1615 1980 (Caucasicae
1642 1927 1773 1981 pelles
1799 1941 1919 1981 supra
1947 1928 2039 1966 rufo

371 2000 593 2056 albidoque
621 2002 858 2049 nebulosae,
888 2002 1006 2056 nigro
1036 2002 1254 2043 evidenter
1282 2001 1524 2048 maculatae,
1554 2000 1691 2056 strigis
1706 2000 1749 2040 in
1778 2012 1894 2057 parte
1928 2000 2039 2041 dorsi

369 2075 595 2129 posteriore
623 2077 755 2117 tribus
786 2077 1085 2132 subparallelis.
1144 2077 1211 2117 Sic
1241 2077 1368 2117 etiarn
1396 2075 1577 2130 juniores
1607 2075 1821 2124 Sibiricae,
1852 2077 2040 2116 nondum

373 2151 570 2204 adultae.)
641 2152 788 2192 subtus
828 2152 1019 2192 omnibus
1062 2152 1105 2192 in
1135 2153 1291 2193 vellere
1327 2152 1503 2205 largiore
1546 2151 1660 2200 albo,
1692 2150 1880 2190 fasciculi
1908 2150 2039 2205 sparsi

372 2224 479 2278 nigri
508 2237 547 2266 et
578 2227 705 2280 pedes
734 2236 851 2265 extus
880 2227 1090 2282 eleganter
1118 2227 1331 2282 pancrati,
1376 2229 1540 2266 interne
1570 2225 1818 2274 subdoliati,
1862 2239 2041 2278 praeser-

372 2299 447 2338 tim
479 2300 619 2340 antici.
679 2301 823 2340 cauda
850 2300 1118 2355 spithamaea,
1150 2303 1489 2357 ferruginescens,
1522 2301 1639 2355 apice
1664 2298 1922 2340 holosericeo
1939 2309 2041 2337 ater-

374 2372 489 2423 rima,
519 2375 658 2415 subtus
685 2374 890 2416 immixtis
919 2375 1022 2415 albis
1050 2376 1161 2430 palis.
1221 2376 1473 2430 (caucasrcis
1514 2375 1723 2416 interdum
1763 2372 2036 2428 quadriannu-
