2196 2927
875 186 1019 209 Ξ
1687 191 1767 232 273

108 287 233 336 tensi,
272 286 316 326 in
355 285 512 326 extima
546 285 700 325 lacinia
734 283 937 338 longiore.
1010 283 1215 336 Unguium
1251 286 1427 341 vestigia
1465 287 1616 343 exigua
1652 305 1772 346 supra

106 360 223 401 lobos
253 361 461 416 digitales.
519 361 684 401 caudae
714 360 809 398 loco.
837 372 995 411 coccyx
1024 356 1134 397 inter
1161 360 1340 413 posticos
1368 364 1495 416 pedes
1520 365 1766 418 prominula.

105 436 221 477 Penis
250 450 386 475 osseus
416 446 618 482 exsertus,
651 432 962 486 sesquipedalis.
1019 432 1141 473 Pellis
1170 446 1287 474 extus
1317 447 1404 475 tota
1434 439 1655 491 squamulis
1686 441 1770 495 epi-

106 510 305 551 dermidis
336 511 495 555 scabra,
524 519 610 547 tota
639 508 727 562 pilo
758 508 979 556 mollusco,
1013 507 1214 562 crispulo,
1245 509 1383 558 brevi,
1422 510 1771 555 fusco-rusescen-

104 598 146 625 te
178 601 374 626 muscosa.
433 585 634 636 Mys-tacis
662 593 774 621 setae
806 581 1109 636 rigidissimae,
1137 582 1183 622 in
1212 583 1324 624 labio
1355 585 1565 640 superiore
1596 589 1770 640 tumido,

104 660 248 700 bilobo
276 657 565 699 creberrimae.
632 658 804 697 Aurium
832 669 991 697 meatus
1022 670 1215 697 externus
1246 659 1439 714 exiguus,
1477 662 1591 701 nulla
1619 663 1774 703 auricu-

105 736 143 775 la
176 734 444 788 marginatus,
480 732 524 772 in
554 746 652 786 ruga
690 731 881 771 circulari
919 733 1024 772 cutis
1061 744 1302 774 coarctatus.
1368 737 1539 776 Narium
1576 737 1773 778 cavitates

106 810 242 850 antice
274 808 516 863 ampliatae,
547 809 704 855 laeves,
738 821 884 860 aquam
914 807 1166 862 recipientes
1195 819 1237 847 et
1267 810 1539 863 ejaculanteS,
1577 811 1774 871 interiora

104 895 308 939 occupant
346 899 436 923 ossa
480 881 816 923 multilamellata
853 887 1090 937 spongiosa,
1136 887 1265 936 majus
1301 896 1344 924 et
1378 885 1534 935 minus,
1575 887 1776 942 amplissi-

104 975 214 999 mam
254 957 444 998 odoratui
488 956 748 1012 superficiem
785 957 1049 1012 praebentia,
1093 972 1174 1011 quo
1214 973 1345 1012 aeque
1383 976 1429 1000 ac
1469 961 1613 1001 auditu
1642 963 1774 1017 pollet

107 1037 340 1073 Rosmarus.
400 1031 625 1072 Historiam
655 1032 887 1072 naturalem
918 1031 1108 1072 animalis
1138 1033 1302 1088 egregie
1332 1035 1506 1076 tradidit
1537 1037 1634 1092 Opt.
1664 1039 1773 1078 Pen-

105 1119 222 1148 nant
263 1109 396 1160 (Zool.
428 1118 525 1147 aret.
556 1111 632 1146 loc.
664 1110 751 1158 cit.)

239 1184 369 1222 Nota
409 1200 443 1221 2.
509 1181 612 1221 Vidi
649 1181 752 1221 olim
790 1186 963 1221 Bremae
999 1181 1044 1221 in
1085 1185 1231 1222 Museo
1274 1185 1591 1240 Pharmacopoei
1626 1189 1774 1228 Melm

106 1260 251 1298 dentes
281 1267 465 1296 exsertos
498 1255 688 1295 Rosmari
718 1255 762 1295 in
798 1256 954 1295 vicinia
983 1256 1114 1305 urbis,
1147 1259 1199 1296 ad
1238 1258 1433 1313 Visurgin
1471 1274 1493 1298 e
1524 1261 1631 1300 colle
1661 1276 1775 1316 prae-

105 1344 225 1388 rupto
255 1343 404 1372 erutos.
463 1330 595 1371 Simul
626 1329 945 1385 elephantinum
983 1333 1084 1372 ebur
1119 1332 1417 1389 quadripedale
1456 1350 1584 1391 prope
1620 1339 1776 1377 Peter&

91 1406 241 1462 'hagen
273 1409 324 1447 ad
352 1406 551 1461 Visurgin
578 1405 808 1446 inventurn.

1197 1522 1252 1530 ...-

461 1682 1439 1758 CETACEA.

244 1862 440 1917 Cognitio
470 1866 742 1903 Cetaceorum
777 1862 820 1903 in
851 1863 1031 1904 maribus
1062 1863 1287 1919 Imperium
1316 1866 1447 1905 Rosso
1476 1864 1694 1906 asiaticum
1729 1868 1780 1907 ab

112 1948 222 1977 arcto
253 1949 295 1977 et
323 1938 483 1978 oriente
525 1938 772 1978 alluentium
808 1937 1021 1993 hucusque
1058 1938 1419 1993 imperfectissima
1457 1950 1530 1979 est.
1596 1944 1688 1981 Nec
1724 1952 1782 1980 ta-

112 2026 209 2051 men
239 2012 411 2052 dubium
440 2014 655 2068 plerasque
687 2012 847 2068 species
878 2029 982 2067 quae
1020 2013 1128 2053 inter
1166 2014 1492 2054 Groenlandiam
1522 2026 1564 2054 et
1592 2014 1780 2069 Spizber-

112 2101 255 2141 genses
285 2087 436 2126 insulas
466 2089 515 2127 ab
546 2087 776 2142 Europaeis
805 2087 1022 2141 capiuntur
1052 2089 1103 2127 ad
1132 2099 1313 2127 nostram
1344 2090 1530 2127 Faunam-
1555 2088 1782 2143 pertinere,

116 2161 365 2216 ulteriusque
394 2176 467 2216 per
497 2177 607 2201 mare
648 2174 833 2202 arctoum
862 2161 1048 2215 evagari,
1078 2173 1120 2201 et
1148 2161 1191 2200 in
1221 2161 1414 2201 orientali
1451 2177 1607 2204 oceano
1643 2165 1782 2220 plures

114 2235 241 2275 etiam
271 2236 360 2276 dari
388 2236 544 2291 species
575 2252 656 2276 non
693 2238 799 2276 bene
838 2248 967 2276 notas.
1042 2235 1172 2276 Nolui
1209 2247 1347 2276 tamen
1386 2238 1510 2278 certis
1546 2238 1781 2279 immiscere

112 2310 292 2358 incerta,
330 2323 372 2350 et
413 2326 478 2351 eas
515 2322 677 2351 tantum
712 2311 782 2351 hic
823 2313 1073 2351 enumerabo
1103 2311 1260 2366 species
1290 2327 1393 2366 quae
1424 2313 1782 2354 observationibus

115 2397 320 2437 constant,
354 2385 496 2428 addito
526 2387 643 2427 brevi
674 2386 850 2428 elencho
888 2388 1184 2438 Cetaceorum,
1222 2402 1320 2442 quas
1357 2387 1520 2430 incolae
1557 2389 1786 2430 insularum
