2196 2927
879 129 1027 144 ““““““
1708 131 1790 168 ³99

285 227 420 273 claeri;
449 226 635 267 Buraetis
667 226 816 267 Buclek.
886 225 1089 280 Tungusis
1133 228 1184 266 ad
1221 225 1430 267 Raicalem
1470 227 1605 266 lacum
1636 227 1791 274 Honsle,

284 304 336 342 ad
365 307 520 342 Lenarn
551 304 768 356 Dshesshz'jm
798 304 887 340 Mas
915 303 1165 350 lestschan,
1198 305 1401 357 Moehijan
1426 302 1492 342 vel
1508 303 1787 343 Moehidshlzn.

281 377 520 417 Sinensibus
550 377 890 429 Hiarig-tsclzang
918 386 959 414 et
992 376 1160 430 Jehijah.
1233 376 1347 414 Indis
1377 379 1791 433 Kaesturija-mirgae

283 454 553 502 (Messers.)
611 448 811 504 Tangutis
840 451 986 498 Alam,
1020 464 1105 488 mas
1136 449 1241 496 Lao,
1272 450 1427 490 femina
1456 453 1544 490 cha
1574 452 1640 491 vel
1671 453 1789 492 Gloa.

253 526 424 565 Animal
466 523 679 579 proprium
723 534 765 563 et
816 523 1027 578 peculiare
1058 538 1207 578 magno
1235 527 1331 579 jugo
1362 523 1550 578 alpestri,
1599 528 1709 579 quod
1739 527 1790 566 ab

116 599 283 641 Altaica
312 600 410 639 inde
440 609 584 638 catena
614 599 723 638 inter
753 599 875 638 Indos
905 611 946 639 et
977 598 1175 639 Sibiriam
1212 614 1342 653 usque
1379 598 1430 637 ad
1467 597 1583 637 Sinas
1629 600 1790 640 univer-

114 690 199 715 sam
228 675 473 715 orientalem
502 673 628 713 Asiae
659 673 946 714 continentem
988 674 1182 729 pervadit
1224 685 1266 714 et
1307 672 1476 714 flumina
1523 676 1609 726 ejus
1652 688 1791 714 versus

111 765 286 790 oceanos
318 749 529 798 Indicum,
562 748 766 789 orientale
797 760 839 788 et
868 749 1046 804 glaciale
1075 748 1250 789 dirimit.
1320 748 1496 790 Celebre
1527 749 1581 787 ob
1612 748 1789 802 fragran-

110 823 213 864 tiam
243 835 284 863 et
315 824 497 864 medicas
527 824 701 864 virtutes
740 823 934 864 nervinas
978 823 1176 864 materiae
1220 823 1263 865 in
1307 824 1496 865 folliculo
1537 822 1788 878 praeputiali

109 899 232 939 maris
262 899 453 946 collecti,
483 901 555 939 sed
586 902 701 952 cujus
730 899 792 939 vis
823 910 863 938 et
894 899 1115 953 fragrantia
1145 902 1189 939 in
1219 899 1454 939 borealibus
1477 897 1625 938 nostris
1649 898 1789 938 Casto·

109 991 180 1016 reo
211 975 388 1016 similior
417 986 458 1014 et
502 975 654 1014 virtute
693 974 902 1015 Tibetano
941 975 1063 1028 longe
1107 973 1235 1014 cedit.
1307 977 1418 1014 Intra
1464 972 1641 1014 Sibiriae
1688 973 1788 1011 fines

109 1051 208 1091 inde
240 1067 261 1090 a
292 1049 474 1091 fontibus
505 1048 590 1090 Obi
619 1051 714 1089 fluv.
746 1065 884 1089 versus
915 1049 1119 1089 orientem
1149 1049 1192 1088 in
1224 1049 1468 1104 alpestribus
1498 1050 1691 1102 frequens
1721 1061 1784 1085 ca-

107 1126 240 1181 pitur,
272 1139 433 1179 semper
464 1125 718 1172 maculosus,
757 1137 801 1164 ut
829 1125 950 1165 icone
980 1140 1071 1164 mea
1101 1139 1340 1178 expressum
1370 1135 1444 1164 est.
1510 1127 1558 1162 In
1589 1122 1786 1162 arcticum

105 1202 270 1256 plagam
308 1210 350 1238 et
389 1198 723 1240 Camtschatcam
752 1215 834 1240 non
872 1199 1066 1239 excurrit.
1136 1201 1479 1254 Monographiam
1507 1213 1603 1237 curn
1631 1199 1785 1236 Anato-

106 1291 167 1315 me
197 1286 239 1314 et
268 1277 435 1314 historia
465 1273 655 1314 animalis
684 1273 1004 1330 elegantissimi,
1037 1275 1108 1312 sed
1138 1272 1428 1322 indomabilis,
1461 1273 1561 1312 dedi
1585 1273 1628 1312 in
1655 1274 1783 1327 spici·

104 1354 302 1405 legiorum
332 1351 488 1389 Fascio.
518 1351 633 1389 XIII.
663 1349 721 1390 ita
753 1351 1005 1396 absolutam,
1035 1359 1079 1387 ut
1109 1346 1219 1387 nihil
1250 1349 1401 1388 addere
1432 1347 1504 1388 hic
1532 1348 1702 1403 possim.

240 1475 389 1514 Nota.
448 1473 585 1514 Etiam
615 1473 866 1515 recentiores
896 1476 947 1514 de
977 1473 1154 1514 Moscho
1183 1472 1405 1513 relationes
1436 1473 1585 1513 fabulis
1610 1488 1692 1514 non
1716 1474 1785 1514 de·

103 1547 291 1597 stitutae,
323 1559 368 1587 ut
397 1564 435 1588 v.
467 1563 523 1602 gr.
553 1551 767 1589 Memoires
796 1560 1033 1590 concremant
1055 1552 1268 1596 Γῆἱεεοὶνε,
1297 1552 1354 1588 les
1376 1549 1576 1595 Sciences,
1606 1553 1662 1589 les
1685 1558 1782 1597 ares,

103 1627 162 1665 les
191 1639 364 1672 moeurs,
396 1627 453 1663 les
481 1639 643 1677 mages,
673 1634 747 1664 etc.
778 1624 849 1665 des
876 1626 1060 1673 Chinois,
1093 1640 1167 1678 par
1195 1626 1253 1663 les
1273 1624 1550 1663 Missionaires
1572 1624 1621 1663 de
1643 1624 1780 1663 Pekin.

105 1699 222 1739 Tom.
252 1700 323 1738 IV.
355 1700 501 1752 (Paris.
538 1706 651 1752 1778.
681 1700 784 1751 4t0).
814 1701 1028 1753 Lemery·
1056 1699 1266 1754 quondam
1290 1697 1475 1752 prodidit
1497 1699 1670 1738 odorem
1694 1701 1782 1740 Mo-

101 1772 194 1813 schi
224 1789 366 1814 verum
401 1773 576 1830 produci
612 1773 805 1815 collectis
832 1773 878 1814 in
906 1790 1035 1815 unum
1064 1773 1266 1814 nodulum
1296 1771 1474 1813 Galbani
1503 1783 1544 1812 et
1575 1773 1781 1828 Sagapeni

103 1848 150 1887 aa
186 1849 417 1900 semilibra,
461 1862 503 1891 et
540 1848 711 1891 seorsim
741 1850 902 1903 adjecta
931 1849 1131 1905 Asphalti
1173 1848 1387 1890 semilibra
1432 1858 1474 1887 et
1512 1848 1782 1903 Opoponacis

102 1923 236 1963 unciis
266 1936 436 1980 quatuor
468 1928 593 1979 (Hist.
624 1926 672 1966 de
707 1926 867 1965 Z‘Acad.
908 1926 958 1966 de
994 1926 1132 1970 Paris,
1177 1931 1290 1976 1706.
1329 1940 1368 1978 p.
1401 1926 1459 1974 6.)
1522 1924 1780 1977 Unguentum

103 2011 127 2037 e
156 1997 330 2038 Moscho
359 2011 401 2040 et
429 2002 524 2042 oleo
552 2014 750 2056 expresso
776 1999 892 2039 nucis
931 1998 1172 2039 moechatae
1207 1997 1381 2052 genitali
1422 1996 1640 2036 inunctum
1682 2012 1780 2039 vere

102 2071 235 2111 irritat
266 2087 407 2114 sexum
437 2077 694 2130 sequiorem,
725 2085 770 2113 ut
801 2072 1086 2113 sensibiliores
1114 2087 1245 2127 paene
1275 2072 1320 2111 in
1350 2073 1529 2110 furorem
1559 2083 1675 2125 agat,
1705 2074 1780 2115 diu

102 2147 363 2198 duraturum,
393 2153 521 2192 semel
552 2151 654 2192 licet
683 2147 937 2190 adhibitum.
994 2149 1085 2186 Nec
1116 2146 1164 2188 in
1190 2146 1353 2202 frigidis
1385 2147 1539 2187 effectu
1567 2160 1694 2189 caret.
