2196 2927
455 209 545 259 446
1206 233 1350 240 -—-

452 320 503 359 s'o
515 323 614 364 nio,
658 317 708 356 ad
737 316 897 356 Turdos
928 315 1142 356 referenda
1170 314 1355 363 videtur3
1399 313 1501 356 licet
1536 315 1657 357 rostri
1686 315 1871 357 crassitie
1901 322 2053 372 majore
2083 330 2126 358 et

451 392 550 447 pilis
581 394 631 431 ad
661 391 810 431 rictum
840 390 1141 441 tenerioribus,
1186 391 1411 446 linguaque
1439 390 1586 441 bifida,
1631 406 1713 432 non
1751 392 1886 432 lacera
1916 394 2127 447 paululum

451 468 631 507 differat.
704 466 883 506 Videtur
912 465 1054 521 utique
1085 465 1277 521 ambigua
1309 466 1469 522 species
1499 466 1608 506 inter
1637 467 1851 516 Graculas,
1896 469 2055 507 Turdos
2084 480 2125 508 et

449 545 617 582 Icteros.
642 566 702 573 ·—
730 540 916 581 Maxime
962 541 1113 583 mirum
1157 542 1201 582 in
1229 553 1343 582 tanta
1374 544 1606 582 Turdorum
1636 557 1730 582 cum
1768 542 1913 583 Orialo
1955 543 2127 583 affinita-

445 627 512 667 te,
545 621 603 658 ill.
633 619 903 657 Linnaeum
931 616 1043 658 hunc
1075 619 1126 658 ad
1157 619 1342 660 Classem
1373 617 1583 669 Picarum‚
1628 618 1727 659 istos
1771 633 1870 658 vero
1910 620 1961 658 ad
1990 622 2126 659 Passe-

445 707 509 733 res
539 691 750 739 retulisse,
780 693 1030 746 refragrante
1060 705 1218 734 natura.

580 768 711 808 Nota
743 784 779 806 2.
838 768 1113 809 Ventriculum
1142 768 1271 809 habet
1303 769 1554 820 maximum,
1585 770 1900 825 subglobosum,
1948 767 2125 809 carnosi-

445 854 530 883 tate
561 858 713 890 crassa,
744 843 816 882 sed
847 842 1084 897 spatiosum.
1155 847 1391 886 Iubes-tinum
1421 846 1568 885 decem
1597 846 1681 884 fere
1711 845 1926 900 pollicum.
1998 843 2125 884 Femi-

444 934 518 958 nae
548 918 687 958 colore
718 929 886 958 manent
914 917 1070 959 similes
1100 919 1246 975 pullis,
1279 934 1453 975 nempe:
1491 935 1610 975 supra
1643 918 2127 966 virescente-cinereae,

444 996 583 1034 subtus
613 1008 635 1034 e
666 994 773 1033 flavo
803 993 1059 1034 albescentes
1090 1006 1131 1035 et
1161 995 1270 1035 striis
1300 995 1673 1049 longitudinalibus
1704 993 1826 1034 fuscis
1863 993 2124 1048 inquinatam

442 1079 574 1109 rostro
604 1069 1029 1117 rubescente-fusco,
1073 1086 1167 1110 cum
1197 1071 1241 1111 in
1272 1069 1422 1110 adultis
1453 1070 1633 1110 maribus
1663 1068 1916 1120 flavissimis,
1961 1067 2023 1108 uti
2052 1066 2125 1108 Iri-

441 1145 535 1192 deS,
565 1144 999 1199 sanguineo-rubeat:
1039 1146 1180 1186 Variat
1212 1159 1348 1187 autem
1378 1161 1601 1200 nunquam.

823 1224 906 1268 86.
1007 1225 1387 1269 TURDUS
1459 1226 1743 1268 saxatilis.

579 1298 629 1336 Τ.
659 1295 797 1350 capite
828 1295 1160 1342 coerulescente‚
1191 1312 1363 1352 corpore
1393 1297 1533 1335 subtus
1564 1298 1774 1349 caudaque
1803 1296 1910 1336 rufis.

659 1370 875 1410 Rubecula
905 1370 1110 1420 saxatilis,
1144 1372 1304 1412 Gesner.
1336 1376 1439 1411 icon.
1478 1387 1517 1426 p.
1550 1379 1614 1422 34.
1646 1387 1709 1411 av.
1741 1387 1779 1423 p.
1811 1378 1903 1424 732.

656 1444 941 1486 Phoenicurus
973 1449 1121 1499 major,
1155 1447 1264 1486 Olin.
1297 1462 1335 1499 p.
1367 1454 1432 1498 47.

653 1521 816 1561 Merula
847 1519 1057 1560 saxatilis.
1089 1520 1373 1568 Alclrovandi,
1409 1521 1627 1575 Willughb.
1659 1538 1742 1563 orn.
1773 1540 1812 1579 p.
1835 1529 1920 1573 145.
1950 1522 2032 1562 tab.
2052 1528 2115 1563 36.

707 1597 779 1647 (ex
810 1596 971 1651 Olina).
1003 1598 1093 1653 Raj.
1123 1612 1214 1650 syn.
1246 1614 1285 1651 p.
1317 1603 1381 1638 68.

650 1672 868 1712 Rubecula
899 1686 1068 1727 magna,
1109 1673 1249 1714 Albin.
1295 1689 1361 1714 αυ.
1403 1675 1478 1714 ΠΙ.
1522 1690 1620 1730 pag.
1652 1681 1714 1715 23.
1754 1674 1836 1714 tab.
1869 1680 1934 1715 55.
1965 1670 2119 1727 (junior

707 1747 813 1787 forte
842 1747 965 1800 avis).

648 1823 812 1861 Turdus
848 1823 989 1870 ruber,
1037 1823 1175 1877 capite
1220 1838 1405 1878 cyaneo,
1452 1825 1603 1864 Frisch.
1648 1839 1710 1865 av.
1752 1824 1834 1864 tab.
1867 1830 1930 1864 32.
1963 1824 2046 1877 fig.
2079 1839 2114 1863 2.

706 1898 850 1950 (Mas).
881 1898 1012 1937 Klein.
1044 1914 1108 1938 av.
1139 1914 1178 1952 p.
1209 1904 1273 1950 67.

651 1972 813 2011 Turdus
846 1971 1053 2021 saxatilis,
1086 1974 1410 2013 Kramer.austr.
1430 1975 1624 2014 360.Lin.
1653 1984 1755 2027 syst.
1785 1975 1878 2014 XII.
1907 1976 1939 2014 Ι.
1964 1990 2002 2029 p.
2025 1982 2114 2026 294.

704 2062 766 2102 sp.
803 2055 862 2096 14.
907 2047 1136 2088 ΒἈιιόεηΐ.
1167 2052 1263 2103 pict.
1293 2048 1376 2088 tab.
1409 2056 1499 2090 562.

590 2123 633 2168 β.
668 2121 831 2162 Merula
860 2122 1079 2173 saxatilis,
1136 2124 1316 2164 Brlsson.
1366 2139 1429 2164 av.
1471 2127 1524 2164 II.
1568 2141 1663 2180 pag.
1697 2134 1787 2175 240.
1827 2141 1887 2180 sp.
1927 2135 1984 2175 ι4.
2030 2127 2111 2178 (ju-

646 2196 739 2237 nior
769 2197 889 2250 avis).
988 2186 991 2189 Ι

645 2272 807 2312 Turdus
827 2271 1071 2314 rectricibus
1089 2276 1205 2323 rufis,
1236 2276 1392 2316 duabus
1419 2275 1681 2317 intermediis
1697 2275 1886 2324 cinereis,
1912 2273 2035 2315 fascia
2050 2272 2109 2313 ni-

699 2346 901 2397 oricame,
933 2350 1123 2404 proxima
1141 2349 1258 2405 apice
1275 2351 1453 2400 cinerea,
1471 2355 1559 2392 Lin.
1580 2354 1706 2392 Faun.
1721 2368 1825 2392 suec.
1842 2353 1943 2393 ed.I.
1965 2367 2003 2405 p.
2020 2355 2109 2401 187.

697 2378 721 2402 ο

541 2420 683 2462 Rossis
713 2421 757 2462 in
787 2423 937 2465 Srbiria
966 2427 1191 2467 Kamennoi
1219 2428 1357 2467 Drosd
1388 2426 1603 2481 (saxatilis
1630 2429 1823 2480 Turdus).
