2196 2927
1162 216 1307 223 -——.

401 204 486 242 5310

399 305 451 344 ad
481 304 628 344 Ketam
658 304 753 343 fluv.
784 313 943 343 tantam
984 300 1106 357 hujus
1149 314 1239 342 esse
1280 299 1610 341 foecunditatem
1619 330 1630 349 ,
1672 311 1720 341 ut
1759 300 1847 357 ipse
1888 301 2075 344 diluculo

400 393 522 434 saepe
554 377 723 433 vigenas
762 378 849 418 sine
893 376 1115 419 formidine
1153 375 1513 418 obambulantium
1556 376 1695 433 capita
1738 378 2074 420 circumvolitan-

402 465 461 494 tes
490 453 659 494 viderit.
718 457 764 493 In
793 453 969 494 Tauriae
1000 453 1177 494 vallibus
1206 451 1406 493 montosis
1435 453 1588 508 passim
1618 453 1812 494 occurrit.

534 531 706 570 Descr,
763 530 1008 585 Magnitudo
1029 529 1103 569 vix
1125 530 1231 569 infra
1255 530 1595 578 antecedentem,
1627 530 1695 569 cui
1718 530 1854 585 primo
1878 529 2077 584 adspectu

397 605 501 645 adeo
529 603 699 655 similis,
730 616 775 645 ut
803 606 883 645 nisi
914 607 965 645 ab
996 606 1186 652 adtento,
1216 604 1463 659 collatisque
1488 620 1627 645 coram
1650 604 1970 660 speciminibu5‚
2002 604 2076 644 vix

397 679 685 734 distinguatur.
743 683 933 721 Rostrum
961 680 1147 734 nigrum:
1178 679 1351 719 maxilla
1379 680 1578 720 inferiore
1608 682 1659 720 ad
1690 681 1852 736 apicem
1881 679 2077 734 utrinque

396 755 584 796 obsolete
616 755 884 809 emarginata.
943 755 1069 794 Irides
1098 754 1359 794 flavissimae.
1430 756 1557 810 Pepla
1586 772 1732 811 parva,
1777 756 1938 803 albida,
1982 769 2076 794 area

396 831 556 877 lunata,
587 831 728 870 oculos
757 829 917 885 postice
947 829 1164 883 cingente,
1197 839 1296 869 atra.
1356 830 1573 870 Cornicula
1600 831 1644 871 in
1668 831 1861 871 masculis
1884 830 2073 880 minima,

394 920 531 960 penna
559 921 640 945 una
670 905 738 944 vel
770 905 917 953 altera;
952 908 1118 957 feminis
1146 905 1269 959 plane
1299 905 1426 944 nulla.
1497 905 1670 946 Aurium
1711 906 1887 947 circulus
1917 906 2076 961 pluma-

395 996 491 1020 ceus
522 980 706 1036 superius
737 981 872 1029 albus,
904 979 1077 1020 inferius
1106 980 1252 1035 nigro·
1270 980 1419 1020 varius.
1478 981 1676 1022 Cucullus
1706 992 1748 1020 et
1778 996 1924 1036 corpus
1955 995 2075 1035 supra

393 1066 524 1095 totum
570 1056 937 1111 gryseo-pallida,
982 1055 1118 1096 lituris
1161 1054 1341 1110 scapinis
1384 1055 1534 1111 nigris3
1578 1059 1720 1096 subtus
1761 1056 2074 1113 pallido-alba,

394 1129 502 1170 notis
525 1130 752 1171 linearibus
777 1131 958 1187 pectoris
983 1143 1024 1172 et
1046 1129 1477 1186 hypochondriorum.
1539 1133 1740 1173 Tectrices
1769 1133 1856 1172 alae
1880 1132 2075 1171 secunda-

394 1205 479 1245 riae
510 1207 692 1246 exterius
722 1207 1104 1247 albo-maculatae.
1176 1208 1388 1260 Remigum
1429 1207 1587 1247 extima
1626 1219 1734 1256 tota,
1779 1208 1958 1247 secunda
1988 1217 2075 1245 tan-

395 1292 483 1319 tum
515 1274 633 1336 apice
665 1292 1121 1335 angustato-serratae3
1164 1280 1238 1320 illa
1277 1281 1390 1331 alba,
1435 1283 1661 1322 secundum
1699 1280 1879 1321 rhachin
1918 1280 2079 1336 nigram

394 1354 742 1410 ferruginescens,
783 1356 900 1412 apice
930 1356 1049 1410 nigro
1079 1355 1269 1403 fasciata3
1313 1369 1534 1412 sequentes
1564 1366 1709 1406 2—-4,
1740 1356 1925 1397 exterius
1953 1367 2078 1396 tessu-
2120 1386 2126 1389 -

394 1431 521 1478 latae;
571 1431 756 1486 reliquae
785 1442 898 1472 totae
929 1431 1143 1480 fasciatae,
1189 1431 1372 1471 exterius
1410 1433 1546 1482 luteo,
1591 1431 1768 1472 interius
1813 1433 1924 1472 albo.
1998 1430 2081 1470 Ala

393 1506 533 1547 subtus
561 1507 676 1556 alba,
708 1506 914 1561 tegetibus
943 1506 1151 1562 primariis
1180 1518 1368 1548 extremo
1398 1508 1612 1563 nigris.———
1640 1508 1788 1548 cauda
1818 1508 1900 1547 alas
1930 1507 2071 1546 subae-

392 1592 491 1636 quat
521 1580 682 1631 albida,
714 1581 851 1622 fasciis
881 1581 1183 1638 nigricantibus
1213 1582 1441 1633 distinctis;
1472 1588 1656 1625 rectrices
1685 1584 1766 1623 duo
1797 1580 2070 1622 intermediae

392 1656 821 1712 fusco-nigricantes,
853 1657 1000 1698 ocellis
1030 1657 1210 1712 magni5‚
1243 1659 1512 1707 subalternis,
1542 1658 1669 1707 albis,
1715 1658 1829 1698 disco
1858 1659 1973 1698 fusco
2002 1672 2073 1711 pu-

391 1731 545 1787 pillari.
603 1734 730 1774 Pedes
757 1749 880 1788 parca
908 1733 1108 1788 tenuique
1138 1732 1334 1787 lanugine
1365 1734 1527 1774 vestiti:
1559 1733 1737 1773 extremi
1761 1732 1988 1787 digitorum
2013 1746 2072 1770 ar-

392 1807 512 1847 ticuli
540 1809 663 1863 plane
702 1808 824 1854 nudi,
865 1811 1149 1849 flavescentes.
1225 1809 1389 1861 Ungues
1432 1808 1523 1848 atri.
1594 1809 1758 1848 Pondus
1804 1807 1928 1862 paulo
1972 1806 2078 1846 infra

395 1884 728 1937 praec-edentem.
798 1884 989 1924 Mensura
1018 1882 1104 1922 avis
1137 1883 1187 1922 ab
1227 1897 1335 1923 unco
1379 1884 1429 1923 ad
1458 1882 1709 1938 uropygium
1740 1885 1799 1923 δ”.
1831 1883 1986 1922 caudae
2016 1886 2075 1923 5⁰.

393 1959 464 2007 4²2
492 1958 616 1999 ulnae
646 1959 803 1999 alarum
838 1959 919 1998 ΙΝ.
953 1960 1020 2000 6’”.
1063 1957 1265 1998 tibiarum
1301 1958 1354 1997 1'‘.
1385 1958 1454 2011 7“'.
1493 1957 1617 2013 digiti
1659 1957 1792 1998 medii
1835 1973 1931 1998 cum
1966 1957 2076 2010 (9“'.)

391 2047 526 2088 ungue
559 2037 615 2074 2''.

523 2110 672 2150 Nota.
732 2108 957 2150 Simillima
988 2111 1027 2150 S.
1058 2111 1144 2152 Oto
1173 2121 1215 2150 et
1244 2109 1395 2151 Ululae
1427 2120 1642 2150 auctorum
1675 2108 1857 2165 species,
1886 2119 1931 2148 -et
1951 2106 2074 2148 interss

393 2184 554 2233 media,
581 2186 654 2226 sed
683 2184 1013 2226 distinctissima.

872 2274 920 2322 4.
1012 2264 1113 2307 ST
1145 2265 1183 2308 R
1209 2265 1245 2307 Y
1273 2265 1316 2307 X
1404 2265 1589 2323 Sceps.

526 2338 567 2376 S.
598 2336 729 2376 aurita
771 2336 943 2378 cinereo
987 2337 1186 2392 fuscoque
1230 2335 1626 2392 pulvereno-varia,
1673 2334 1817 2392 digitis
1857 2330 1977 2375 nudis
2015 2328 2072 2370 ci-

392 2411 721 2467 nerascentibus„
