2196 2927
419 191 505 228 350

415 288 597 346 piscibus
628 285 904 333 enutriuntur,
937 294 981 323 ut
1011 281 1143 323 adulti
1170 281 1412 322 rectricibus
1443 283 1494 322 acl
1522 282 1687 322 alaudas
1711 281 1877 337 sagittas
1905 282 2098 323 serviant.

416 364 570 411 Jacuti‚
601 373 644 402 ut
675 360 748 400 alii
778 359 902 399 Asiae
934 358 1131 413 gentiles,
1162 357 1444 414 principatum
1475 357 1637 413 aquilae
1668 357 1713 397 in
1744 372 1837 397 aves
1867 359 2094 398 celebrant.

418 436 827 484 Camtschadalibus,
860 435 968 490 apud
998 450 1099 489 quos
1129 434 1311 474 maxime
1343 435 1572 480 abundant,
1604 433 1746 473 edules
1777 444 1892 479 sunt,
1922 443 1964 473 et
1990 434 2099 489 apud

416 516 576 554 Curilos
597 512 641 552 in
668 510 834 551 deliciis
857 510 916 550 ita
931 509 1154 558 habentur,
1183 521 1228 550 ut
1250 511 1411 550 nullum
1436 509 1631 549 festivum
1655 508 1825 564 epulum
1849 507 1937 548 sine
1960 508 2097 562 aquila

417 589 489 638 sit,
521 589 759 642 multaeque
784 587 892 641 apud
915 585 1009 625 illos
1033 585 1077 625 in
1100 586 1237 626 caveis
1260 585 1516 640 saginantur,
1551 596 1595 624 ut
1614 584 1733 624 nobis
1759 598 1940 633 anseres,
1973 594 2015 623 et
2037 584 2097 623 ita

417 680 538 720 saepe
554 663 711 704 cicures
727 663 928 710 evadunt,
962 672 1023 700 est
1038 661 1195 700 solutae
1227 661 1336 701 circa
1351 660 1514 715 tuguria
1531 660 1730 706 volitent,
1761 660 1899 713 fugam
1924 659 2096 700 oblitae.

415 744 451 779 T
454 739 688 794 uguriolum
713 751 898 791 quoque,
930 737 1025 775 loco
1049 735 1163 784 avio,
1195 751 1247 775 ex
1281 736 1480 776 arundine
1511 747 1772 784 construunt,
1805 735 1873 775 cui
1897 751 2015 790 supra
2039 734 2099 774 in-

416 815 525 855 sidet
540 814 693 868 Aquila
715 812 919 854 cicurata,
950 826 1055 865 quae
1073 825 1323 865 congeneres
1341 810 1494 860 allicit,
1526 827 1625 866 quas
1648 810 1771 851 simul
1797 826 1843 851 ac
1866 809 2097 850 insederint

414 901 528 939 tecto
544 900 705 929 exserta
720 902 844 927 manu
859 885 1079 926 insidiator
1093 901 1167 941 per
1181 887 1309 940 pedes
1325 884 1563 940 prehendit.
1608 886 1743 926 Iidem
1759 886 1913 926 amicos
1930 885 2099 925 visitan-

414 976 476 1005 tes
492 964 721 1019 aquilarum
738 962 813 1002 alis
827 960 1057 1016 pennisque
1074 962 1226 1000 donare
1242 961 1389 1008 solent,
1400 972 1444 1001 ut
1454 961 1696 1001 Americani
1712 963 1922 1002 falconum
1940 960 2098 1000 alis.—

416 1039 622 1079 Dicuntur
636 1038 715 1078 hae
730 1037 911 1092 Aquilae
927 1037 1055 1076 etiam
1072 1052 1094 1076 a
1110 1036 1302 1078 Cosaccis
1316 1037 1581 1076 Donensibus
1596 1037 1773 1085 comedi,
1806 1049 1850 1077 ut
1865 1048 1907 1076 et
1923 1053 1944 1076 a
1964 1036 2096 1076 Malo-

415 1129 620 1155 rossorum
644 1114 778 1153 minus
802 1112 982 1152 delicata
1006 1123 1048 1152 et
1072 1111 1206 1151 minus
1230 1111 1423 1165 religiosa
1447 1111 1586 1166 plebe.
1645 1114 1847 1160 Arbores,
1878 1112 1921 1151 in
1950 1110 2100 1167 quibus

413 1190 509 1229 talis
525 1189 680 1244 Aquila
696 1187 916 1244 quotannis
937 1188 1083 1227 nidum
1107 1186 1281 1242 repetit,
1314 1187 1591 1226 excrementis
1615 1188 1822 1242 pullorum
1838 1199 1980 1228 exusta
1997 1201 2100 1226 ares-

416 1279 510 1304 cere
541 1266 681 1304 sertur.
741 1267 773 1302 E
805 1263 988 1302 maxime
1018 1262 1254 1302 borealibus
1285 1272 1327 1300 et
1356 1261 1519 1314 frigidis
1544 1261 1719 1301 Sibiriae
1746 1261 1922 1317 hyeme,
1953 1263 2005 1302 ob
2030 1263 2098 1301 de-

417 1340 573 1379 fectum
602 1337 747 1394 pabuli
777 1337 955 1392 migrant
986 1336 1240 1390 Ossifragae;
1271 1336 1315 1375 in
1345 1335 1710 1391 temperatioribus
1733 1338 1922 1377 brumam
1946 1338 2098 1376 ferunt.

554 1415 728 1454 Descr.
791 1417 866 1452 Est
895 1428 917 1452 e
947 1411 1142 1452 maximis
1180 1412 1242 1451 sui
1281 1411 1463 1465 generis:
1508 1412 1621 1460 Mas,
1667 1428 1749 1453 non
1788 1413 1919 1452 multo
1950 1412 2098 1459 minor,

416 1490 573 1545 pondus
603 1496 641 1530 8.
672 1489 872 1529 librarum
902 1488 969 1527 vel
999 1487 1123 1542 paulo
1153 1490 1283 1540 majus
1314 1497 1475 1541 aequat.
1542 1488 1679 1527 Rostri
1714 1487 1822 1542 nigri
1860 1488 2010 1533 forma,
2053 1498 2099 1527 ut

415 1564 458 1604 in
488 1564 705 1604 Albicilla.
765 1566 868 1605 Cera
898 1564 1030 1609 fusca,
1060 1562 1128 1601 vel
1158 1561 1307 1609 livida,
1336 1577 1453 1602 nares
1488 1563 1650 1610 ovales,
1693 1562 1950 1617 obliquatae,
1996 1577 2099 1602 mar-

416 1638 505 1694 gini
534 1654 654 1680 cerae
686 1639 916 1695 proximae.
975 1638 1198 1693 Palpebrae
1227 1637 1434 1693 pallidae3
1478 1640 1600 1678 irides
1630 1640 1801 1679 obscure
1831 1653 2000 1694 gryseae
2030 1637 2098 1676 vel

414 1727 645 1757 castaneae.
704 1717 873 1755 Plumae
902 1714 947 1753 in
976 1725 1066 1754 toto
1096 1728 1268 1767 corpore
1299 1727 1437 1752 versus
1460 1713 1578 1752 basin
1604 1713 1995 1767 ferruginescentes‚
2027 1727 2095 1751 ex-

417 1801 548 1830 tremo
577 1790 739 1843 nigrae,
782 1789 872 1829 basi
900 1799 1011 1828 tecta
1040 1799 1082 1827 et
1110 1786 1306 1841 lanugine
1337 1787 1442 1826 alba.
1502 1788 1607 1828 Gula
1639 1788 1800 1834 albida3
1844 1798 1987 1842 pectus
2017 1788 2094 1826 fer-

416 1863 773 1918 rugineo-pallet,
805 1863 902 1903 solis
931 1863 1163 1917 plumarum
1194 1860 1380 1916 apicibus
1411 1861 1553 1915 nigris.
1625 1864 1811 1916 Remiges
1841 1870 1904 1902 26.
1936 1862 2092 1915 nigrae.

416 1939 695 1978 Subcaudales
724 1938 999 1992 tectricesque
1029 1938 1183 1978 caudae
1214 1937 1355 1983 albae,
1397 1935 1514 1991 apice
1548 1936 1704 1991 nigrae.
1762 1939 1962 1977 Rectrices
1990 1936 2095 1976 inte-

416 2011 499 2052 rius
529 2014 667 2062 albae,
713 2012 852 2068 apice,
897 2012 1163 2067 exteriusque
1200 2010 1343 2051 naevis
1382 2011 1684 2052 confluentibus
1721 2011 1898 2066 nigrent.
1969 2013 2095 2052 Pedes

404 2087 549 2136 cerei,
577 2089 662 2128 fere
691 2089 798 2129 ultra
828 2087 985 2128 medias
1014 2087 1139 2128 tibias
1169 2086 1292 2134 nudi3
1331 2087 1472 2141 digitis
1499 2086 1788 2142 longiusculis,
1821 2098 1994 2127 externo
2025 2102 2092 2127 ex-

417 2163 698 2208 troversabili;
744 2165 815 2204 sed
857 2163 968 2219 plica
1011 2165 1096 2203 fere
1139 2163 1266 2203 nulla.
1341 2164 1534 2202 Falculae
1579 2162 1734 2217 nigrae.
1807 2164 1997 2203 Mensura
2039 2161 2090 2199 ad

417 2238 662 2293 uropygium
698 2241 740 2279 ι’.
772 2241 831 2290 9”.
864 2245 933 2280 6“‘.
965 2240 1118 2279 caudae
1168 2240 1211 2278 1‘.
1253 2239 1308 2277 0''.
1346 2239 1415 2289 9²⁰.
1487 2238 1620 2278 Ulnae
1665 2239 1821 2279 alarum
1852 2255 1899 2277 2.
1932 2238 1987 2276 0‘'.
2019 2235 2087 2274 6'‘'.

418 2326 687 2366 expansarum
718 2332 741 2367 7
772 2315 868 2369 ped.
898 2313 1095 2354 tibiarum
1124 2315 1182 2354 δ”.
1213 2317 1282 2354 &²¹2
1349 2316 1439 2353 Mas
1477 2313 1631 2353 femina
1668 2329 1750 2354 non
1781 2313 1911 2352 multo
1941 2308 2088 2349 minor.

416 2386 597 2430 Jumores
626 2389 756 2445 magis
785 2389 1135 2445 ferruginescunt;
1180 2388 1362 2430 seniores
1392 2387 1622 2445 nigerrimi.
1693 2391 1927 2430 Intestinum
1955 2383 2085 2437 longi-
