2196 2927
906 199 1046 211 ι-ιιι-

908 215 1046 223 ...φ-...-

1706 203 1791 241 42?

132 301 300 351 calami,
331 302 441 342 intus
472 299 676 356 glandulis
706 313 893 356 granosa3
924 296 1061 353 lapilli
1089 298 1222 339 crebri
1252 299 1456 340 contentis
1486 298 1685 341 immixti.
1736 303 1791 341 In-

133 383 318 418 testinum
360 377 678 432 ampliusculum
729 385 790 425 145<
829 373 1050 429 polliculn3
1093 390 1212 414 coeca
1254 377 1303 415 ab
1347 391 1424 415 ano
1467 379 1536 427 9‘'‘.
1581 376 1797 422 distantia,

135 453 250 506 grani
280 451 450 492 secal'mi
479 451 684 499 crassitie,
717 451 827 504 long.
867 450 933 489 2'‘'.
992 450 1116 489 Renes
1145 449 1301 496 bilobi,
1344 450 1440 491 lobo
1471 451 1678 505 superiore
1709 453 1797 492 subm

136 526 450 575 semicirculari,
495 525 675 565 exterius
722 524 879 564 ambitu
921 524 1067 563 libero.
1148 526 1296 564 Saccus
1337 529 1578 580 pulmonalis
1619 525 1795 581 triplex:

134 603 299 642 Sulister
327 599 521 654 amplior,
565 599 609 638 in
640 600 778 639 alvum
808 600 978 639 ulterius
1014 611 1251 654 protenSUS3
1295 610 1455 655 uterque
1484 600 1716 641 lateralium
1749 603 1798 642 ad

136 691 337 716 summum
366 674 580 714 thoracem
610 675 892 714 membranula
921 675 1161 729 pulmonem
1192 673 1400 714 ambiente
1432 685 1473 715 et
1503 674 1661 728 aliquot
1684 676 1799 716 ostiis

134 751 318 790 rotundis
347 749 489 803 pervia
519 760 677 803 septus,
714 751 822 789 unde
853 750 1006 789 cavitas
1038 751 1088 789 ad
1119 751 1284 790 dorsum
1315 749 1492 790 discreta
1522 749 1671 796 oritur,
1713 753 1799 791 suh-

131 825 350 873 cellulosa,
394 840 498 879 quae
530 840 685 864 sursum
716 825 853 879 amplo
884 824 1002 864 hiatu
1033 824 1310 864 communicat
1348 840 1447 865 cavo
1491 829 1605 865 tertio
1649 825 1802 865 media-

134 899 263 948 stino,
296 911 478 939 ster-num
508 911 736 955 occupante
768 911 808 938 et
837 899 1115 954 pericardium
1140 899 1402 946 continente,
1434 901 1544 954 quod
1567 899 1693 939 tensis
1718 915 1803 940 ver-

133 991 198 1014 sus
235 986 418 1014 sternum
456 974 752 1014 membranulis
793 976 986 1014 firmatur.
1055 975 1297 1015 Membrana
1340 989 1550 1014 saccorum
1592 975 1804 1030 pulmona-

133 1048 267 1096 lium,
309 1065 387 1104 qua
430 1049 568 1088 alvum
611 1049 854 1104 respiciunt,
901 1049 1010 1089 fibris
1055 1051 1278 1089 admodum
1319 1049 1578 1104 conspicui8‚
1625 1050 1804 1103 obliquis

134 1124 378 1164 musculosa.
441 1126 644 1164 Tracheae
676 1125 816 1163 annuli
847 1124 1018 1179 integr-{3
1050 1125 1192 1165 bulbus
1221 1125 1271 1164 acl
1296 1122 1617 1164 bifurcationem
1639 1124 1804 1164 duriore

134 1198 376 1252 cartilagine
407 1201 579 1244 farctus,
621 1199 883 1246 bilocularis,
924 1199 1169 1240 incrustatus
1209 1199 1393 1238 musculo
1436 1198 1631 1252 didymo,
1675 1215 1697 1238 a
1725 1214 1808 1254 quo

135 1272 326 1327 utrinque
357 1272 581 1328 posterius,
618 1288 691 1328 per
720 1274 878 1329 aliquot
907 1273 1057 1321 lineas,
1103 1272 1272 1312 fasciola
1301 1272 1541 1313 muscularis
1582 1274 1809 1314 secundum

137 1346 349 1387 tracheam
381 1348 607 1388 adscend't.
667 1349 870 1389 Glandula
899 1365 1048 1404 parva,
1087 1348 1286 1402 oblonga,
1330 1349 1496 1397 rubens,
1540 1348 1733 1403 utrinque
1763 1348 1808 1388 in

136 1422 392 1477 pinguedine
423 1423 473 1461 ad
503 1422 619 1462 basin
651 1423 771 1470 colli,
813 1438 942 1478 prope
972 1422 1164 1462 humeros
1195 1422 1430 1477 conspicua.
1497 1427 1545 1462 In
1574 1438 1655 1464 uno
1684 1426 1807 1464 Asca-

138 1497 272 1537 ridem
300 1497 544 1553 pollicarem
578 1497 621 1537 in
652 1513 769 1538 sacco
799 1498 1050 1552 pulmonali‚
1082 1512 1211 1552 prope
1242 1513 1332 1545 cor,
1360 1497 1517 1538 inveni.

572 1639 628 1687 X.
693 1636 1377 1686 XANTHORNI.

274 1723 343 1761 Ad
373 1724 509 1763 Genus
546 1724 812 1762 Brissonio
858 1724 1032 1767 Ieteros,
1074 1722 1301 1761 Linnaeo
1345 1722 1418 1761 sub
1449 1721 1605 1762 Oriolis
1636 1722 1806 1773 dictum,

142 1795 249 1836 mihi
279 1797 448 1837 nomine
478 1796 735 1852 supraposito
778 1795 822 1834 in
858 1796 1165 1849 Spicilegiorum
1196 1796 1510 1849 Zoologicorum
1551 1798 1704 1838 Fascio.
1735 1810 1806 1838 sta-

142 1871 321 1911 bilibum
365 1873 470 1912 duae
512 1887 606 1912 aves
649 1874 811 1910 Faunae
854 1881 1015 1910 nostrae
1059 1869 1299 1909 naturaliter
1348 1871 1555 1926 pertinere
1599 1872 1810 1913 videntur:

142 1961 245 1994 una,
278 1950 391 1998 cujus
420 1946 743 2001 descriptionem
784 1948 856 1985 cel.
888 1961 925 1998 p.
959 1961 1011 1984 m.
1042 1946 1233 1998 Collegae
1275 1946 1704 1987 Goeldenscaedtio
1743 1949 1810 1988 de-

143 2021 306 2068 bemus3
338 2020 465 2059 altera
495 2020 689 2068 celebris,
721 2020 793 2058 sed
823 2018 1098 2058 minutissima
1122 2018 1300 2067 avicula,
1333 2021 1594 2069 Pendulinus,
1626 2020 1697 2075 qui
1720 2037 1810 2077 pro-

147 2094 338 2149 portione
366 2097 522 2149 pedum
551 2106 593 2134 et
620 2093 740 2134 rostri
770 2094 898 2132 forma
928 2108 950 2131 a
979 2093 1090 2132 Paris
1120 2093 1300 2140 alienus,
1347 2108 1423 2133 nec
1451 2094 1525 2134 ulli
1557 2096 1699 2148 generi
1729 2098 1809 2136 affi-

145 2169 236 2209 nior
266 2169 442 2208 videtur.
501 2173 589 2209 Imo
618 2183 701 2208 non
730 2168 862 2208 solum
889 2172 1008 2207 rostri
1038 2178 1160 2222 atque
1190 2169 1336 2222 pedum
1360 2167 1694 2211 characteristica
1717 2187 1811 2212 con-

148 2244 413 2291 formatione,
451 2245 523 2283 sed
553 2243 679 2283 etiam
709 2244 847 2283 nidum
876 2241 1111 2281 mirabilem
1139 2242 1311 2282 texendi
1342 2243 1516 2284 artificio
1546 2245 1810 2288 Xanthornos

147 2320 283 2357 refert.
357 2319 439 2373 Qui
477 2317 583 2358 mihi
620 2333 694 2374 pro
726 2319 945 2358 Pendulino
983 2331 1108 2370 genus
1151 2317 1280 2372 magis
1322 2319 1505 2359 naturale
1549 2320 1809 2373 indicaverit,

151 2393 332 2434 docilem
361 2393 554 2442 habebit3
584 2395 637 2434 ad
665 2397 785 2435 Paros
815 2408 912 2435 vero
942 2407 1151 2448 nunquam
1178 2393 1365 2434 referam.

1421 2474 1438 2492 'U
