2196 2927
1136 202 1281 210 —a-—n

363 184 449 225 228

517 287 578 330 cis
606 289 848 338 Kischtaka‚
881 284 1022 328 hircus
1049 288 1246 336 Kaetsch,
1276 287 1563 335 Gurckaetsc72,·
1600 285 1905 332 Tschuvaschis
1933 293 2031 332 Kae-

515 366 690 420 sclzaga,
721 362 861 405 hircus
889 366 1264 419 Katsclzczga-taki3
1292 362 1612 404 Tscheremissis
1636 367 1865 421 Kasataga.
1921 371 2029 407 Tan-

519 439 628 496 gutis
671 455 795 495 caper
835 441 981 490 Ruwb,
1025 455 1147 495 capra
1184 441 1338 487 Rama,
1381 451 1579 480 castratus
1624 442 1829 495 Raetung,
1873 440 2038 482 hoedus

517 518 668 556 Rischi.
728 515 842 555 Indis
874 518 972 556 Βοὴ.
1030 515 1197 570 Ziganis
1221 518 1377 569 Busny.
1435 514 1630 555 Armenis
1646 517 1725 565 Ez,
1757 530 1878 571 capra
1894 519 2035 558 Eli-ez-

490 593 637 632 Nota.
696 591 864 647 Species
895 591 1080 632 adultera
1110 606 1132 631 e
1162 592 1318 632 duabus
1341 589 1688 646 praecedentibus
1713 591 2036 632 verosimillime

354 673 428 709 sub
458 665 642 708 hominis
671 667 860 708 dominio
888 677 1005 713 nata,
1047 666 1228 722 ideoque
1271 676 1488 721 corruptae
1532 666 1815 721 generationis
1847 666 1890 707 vi
1920 667 2037 708 varie

354 745 535 798 degener
564 754 606 784 εἰ
635 741 916 784 multiformis.
989 741 1208 782 Coloribus
1248 742 1373 781 modo
1405 740 1583 791 Ibicem,
1640 743 1766 782 modo
1796 744 2038 797 Aegagrum

354 820 478 859 refert
515 830 557 858 et
591 830 804 876 praeterea
840 816 980 857 induit
1011 828 1144 856 atrum
1186 827 1226 855 et
1271 815 1456 856 vanescit
1484 816 1530 856 in
1560 816 1714 857 album.
1790 818 2038 858 Praesertim

352 894 536 949 Aegagri
566 895 681 934 color
709 893 753 933 in
783 892 1014 939 Africani53
1052 892 1138 932 imo
1167 891 1277 932 circa
1306 892 1459 938 Kursk‚
1507 890 1682 939 Surshe,
1725 893 1854 947 Sumy
1884 904 1926 933 et
1956 893 2039 934 alia

350 978 502 1025 parvae
534 969 705 1010 Rossiae
732 969 888 1025 oppida
917 968 1028 1008 inter
1058 982 1272 1022 caprarum
1317 980 1460 1020 greges
1502 965 1654 1006 itidem
1683 967 1876 1022 frequens
1906 967 2038 1008 varie-

351 1054 414 1084 tas
443 1048 592 1100 major,
637 1044 727 1101 pilo
758 1043 891 1090 laevi,
935 1058 957 1083 e
1001 1043 1436 1097 gryseo-rufescente,
1481 1041 1673 1092 cervino,
1718 1042 1844 1097 striga
1886 1042 2045 1098 spinali

350 1118 467 1174 nigra
496 1131 539 1160 et
567 1132 797 1161 transversa
835 1118 1004 1174 insuper
1045 1119 1097 1158 ad
1141 1118 1393 1158 anteriorem
1436 1116 1670 1173 marginem
1712 1119 1918 1174 scapulae.
1989 1120 2039 1158 In

348 1193 501 1236 iisdem
530 1196 721 1250 gregibus
752 1195 874 1235 simul
905 1194 1109 1243 minores,
1141 1192 1279 1233 variae
1288 1223 1302 1240 ,
1330 1191 1569 1247 longipileS.

487 1276 526 1323 2)
575 1272 733 1325 Caprae
775 1273 1021 1310 Tatarorum
1064 1269 1289 1308 nomadum
1330 1281 1530 1321 magnae,
1584 1266 1764 1308 ridicule
1806 1268 2038 1324 elegantes,

352 1345 471 1386 valde
502 1345 652 1394 simae,
696 1345 860 1385 auribus
891 1343 1050 1398 magnis
1080 1342 1293 1398 pendulis,
1346 1357 1448 1382 voce
1479 1341 1596 1396 gravi
1627 1341 1908 1390 subhumana,
1951 1345 2038 1399 ple-

351 1436 522 1477 rumque
555 1422 650 1462 albo
678 1420 881 1475 nigroque
913 1418 1165 1467 maculosae,
1198 1417 1398 1471 singulari
1427 1418 1552 1458 modo
1581 1416 1791 1458 fasciculis
1819 1418 1954 1474 longis
1978 1417 2040 1474 pi-

349 1496 483 1538 lorum
514 1498 564 1537 ad
595 1512 712 1537 crura
741 1506 986 1542 exornatae,
1032 1493 1225 1533 cornibus
1256 1493 1505 1548 plerumque
1542 1490 1741 1533 brevibus
1783 1494 1852 1534 vel
1894 1494 2035 1535 nullis.

347 1573 464 1614 Hanc
493 1587 568 1627 per
596 1572 751 1612 selecta
780 1569 1002 1610 individua
1034 1569 1247 1624 quondam
1277 1579 1417 1608 natam
1455 1566 1701 1608 varietatem
1730 1567 1901 1610 dixeris.

485 1650 529 1701 3)
561 1647 719 1703 Cap-rae
749 1646 794 1687 in
824 1644 1086 1685 Chersoneso
1114 1643 1293 1684 Taurica
1323 1643 1480 1683 multae
1523 1654 1743 1684 occurrunt
1770 1643 1912 1699 nigrae
1943 1659 2040 1686 ven·

347 1732 410 1762 tre
438 1721 700 1778 pedibusque
729 1718 1126 1774 rufo-ferrugineis,
1169 1718 1257 1759 imo
1286 1729 1398 1758 totae
1428 1718 1683 1759 rufescentes
1711 1729 1755 1759 et
1783 1720 1918 1770 rufae,
1966 1734 2042 1762 seu

347 1797 506 1845 fulvae,
538 1797 680 1851 quales
710 1795 813 1836 alibi
841 1809 926 1835 non
955 1793 1061 1834 vidi.

483 1873 527 1923 4)
558 1874 606 1910 In
634 1869 873 1911 borealibus
902 1880 945 1908 et
972 1867 1017 1908 in
1046 1866 1242 1907 orientali
1271 1865 1445 1918 Sibiria,
1497 1867 1746 1924 praesertim
1776 1870 1886 1925 apud
1915 1871 2035 1910 Mon-

345 1946 698 2000 golo-Buraetos‚
741 1959 958 2000 caprarum
997 1957 1142 2000 greges
1187 1942 1374 1998 integrae
1404 1957 1527 1999 saepe
1560 1944 1703 1994 albae,
1745 1943 2036 2001 plurimaeque

349 2033 550 2062 excomes
580 2031 816 2060 nascuntur.

482 2098 526 2149 5)
556 2096 747 2150 Hybrido
776 2094 919 2145 hirco,
963 2108 1088 2150 quem
1116 2093 1349 2135 delineavit
1393 2094 1682 2137 Walbaum:
1723 2106 1888 2152 praeter
1917 2110 2034 2138 arun·

345 2183 460 2223 cum,
491 2182 698 2228 mystaces
726 2171 923 2227 utrinque
950 2170 997 2211 in
1024 2169 1140 2213 labio
1169 2169 1399 2226 superiore.

860 2252 879 2271 ἡ
1505 2250 1526 2271 t

1183 2279 1202 2298 ,ᾳ

484 2328 526 2372 β.
557 2324 813 2378 Angor-enses
838 2323 1022 2378 Caprae,
1067 2322 1176 2378 apud
1217 2337 1292 2364 nos
1336 2320 1493 2380 passim
1532 2320 1780 2374 tralatitiae,
1825 2321 1859 2362 si
1888 2336 1910 2360 a
1938 2336 2031 2377 pro-

341 2393 502 2441 miscuo
542 2412 639 2441 cum
665 2399 903 2456 vulgaribus
931 2413 1152 2456 congressu
1179 2410 1417 2451 arceantur,
1461 2399 1637 2440 formam
1665 2408 1708 2439 et
1736 2396 1938 2439 sericeum
1965 2398 2028 2453 pi·
