2196 2927
872 209 1015 234 Ξ
1688 215 1769 254 331

212 306 354 350 Rossis
384 305 689 349 australioribus
719 308 931 353 Balabzuw
977 309 1020 347 in
1065 307 1216 349 Sibiria
1263 312 1483 355 Sherebetz.
1543 300 1777 356 Calmuccis

267 387 431 438 Itelgoe.
489 383 648 422 Tataris
679 383 960 423 Crimensibus
991 394 1032 421 et
1061 384 1233 437 Nogajis
1266 387 1457 427 Torbala.

240 462 316 498 Per
354 459 544 498 universa
576 457 767 496 Tatariae
805 456 1167 511 magnae‘deserta
1197 458 1283 497 avis
1324 461 1670 514 frequentissima.
1730 469 1775 505 In

105 533 368 581 australibus,
401 531 568 586 apricis,
602 532 653 569 ad
683 531 887 586 margines
918 532 1189 585 sylvularum,
1223 536 1447 574 secundum
1471 536 1578 591 ripas
1601 538 1775 592 Volgae,

104 608 291 663 Rhymni
321 618 362 646 et
392 606 485 645 Irtis
516 604 754 652 fluviorum,
799 607 942 646 crebro
983 606 1027 645 in
1058 607 1289 657 arboribus,
1334 608 1463 650 immo
1493 609 1536 649 in
1566 613 1677 651 nudo
1708 614 1774 652 de·

102 695 210 724 serto
240 696 360 736 saepe
390 679 614 720 humiliora
644 696 763 735 supra
795 682 955 721 arbusta
985 683 1124 722 nidum
1154 683 1319 730 condit,
1362 698 1486 738 quem
1528 696 1620 739 post
1663 685 1773 725 incu-

101 757 311 797 bationern
336 754 517 795 foemina
539 755 737 795 continuo
760 757 844 795 fere
867 771 960 796 cum
983 758 1162 797 clamore
1186 757 1385 807 custodit,
1419 772 1550 813 eoque
1579 773 1620 797 se
1644 759 1775 813 ipsam

101 832 252 887 prodit.
311 831 417 870 Pulli
448 832 529 870 duo
574 830 641 869 vel
683 841 784 877 tres;
829 830 873 870 in
916 831 1123 885 plerisque
1166 832 1295 881 nidis,
1343 848 1426 871 mas
1468 848 1563 873 cum
1607 834 1775 873 femella

100 917 333 946 nascuntur.
391 904 570 944 Perfecti
600 905 767 944 evolant
797 920 818 944 e
856 905 964 945 nidis
1008 906 1253 961 plerumque
1296 906 1407 961 prius
1451 923 1574 962 quam
1617 908 1774 948 volatui

101 981 323 1029 sufficiant,
368 981 477 1019 unde
522 978 655 1034 inepti
698 980 821 1020 facile
852 980 1088 1036 capiuntur;
1134 992 1342 1021 sectantur
1385 982 1538 1036 ubique
1586 994 1772 1032 matrem,

101 1053 417 1100 clamosissimi,
457 1055 697 1103 mordaces,
742 1055 924 1110 malique
968 1056 1107 1096 moris.
1177 1056 1442 1096 Institutione
1486 1057 1774 1104 nobilitantur,

102 1129 364 1182 maximeque
394 1127 438 1167 in
469 1127 633 1167 deliciis
663 1140 755 1168 sunt
785 1129 1018 1170 Calmuccis
1037 1161 1048 1177 ,
1091 1132 1199 1185 apud
1229 1146 1329 1185 quos
1359 1130 1403 1170 in
1434 1132 1598 1171 deserto
1628 1133 1773 1172 crebro

100 1214 333 1243 nascuntur.
391 1202 494 1242 Avis
525 1202 696 1242 minoris
726 1203 866 1252 molis,
899 1206 969 1244 sed
1001 1205 1202 1253 animosa,
1234 1220 1340 1258 quae
1374 1217 1514 1245 anates
1543 1206 1630 1245 imo
1664 1220 1775 1245 anse-

99 1293 161 1317 res
192 1276 372 1327 dejicere
402 1291 485 1316 non
523 1287 695 1316 recuset.
768 1280 902 1327 Major
944 1279 1141 1327 varietas,
1186 1294 1309 1333 quam
1352 1281 1519 1319 Sacrum
1562 1291 1774 1319 auctorum

97 1363 220 1408 puto,
250 1352 295 1391 in
325 1351 530 1391 montanis
558 1351 770 1391 Uralensis
800 1352 885 1406 jugi
915 1353 1112 1401 nascitur,
1156 1352 1347 1408 interque
1377 1353 1541 1393 nobiles
1571 1355 1772 1394 Falcones

99 1426 290 1468 habetur.
361 1427 499 1465 Ambo
537 1425 710 1480 hyemes
748 1438 905 1467 nostras
935 1427 1099 1480 fugiunt
1127 1439 1167 1467 et
1199 1443 1337 1468 versus
1368 1440 1549 1468 austrum
1578 1428 1769 1482 migrant.

236 1503 406 1541 Descr.
466 1498 650 1540 Minores
681 1504 725 1540 F.
757 1501 1020 1556 peregrinum
1063 1513 1251 1555 aequant.
1321 1504 1509 1543 Rostrum
1536 1506 1623 1544 basi
1652 1502 1771 1558 palli-

103 1579 190 1616 do·
215 1575 414 1624 lividum,
458 1574 628 1613 maxilla
669 1574 864 1614 inFeriore
909 1575 1026 1630 apice
1069 1587 1255 1615 truncata
1296 1587 1338 1615 et
1380 1577 1571 1630 utrinque
1614 1577 1768 1617 excisa.

103 1651 261 1705 Lingua
291 1648 559 1704 emarginata.
618 1651 719 1689 Cera
750 1661 918 1703 angusta
948 1650 1097 1699 livida,
1128 1650 1313 1705 margine
1345 1651 1518 1691 subinde
1541 1652 1768 1701 virescens;

104 1743 217 1767 nares
245 1726 431 1780 patulae,
474 1723 628 1778 papilla
667 1725 840 1764 centrali
878 1724 1010 1764 molli.
1068 1726 1289 1778 Palpebrae
1317 1725 1605 1775 nudiusculae,
1649 1727 1769 1767 lives-

104 1813 260 1848 centes;
292 1801 412 1840 irides
441 1799 589 1838 fuscae.
648 1800 870 1852 Supercilia
899 1799 1098 1853 plumosa.
1165 1801 1297 1855 Caput
1327 1816 1421 1840 cum
1450 1812 1566 1855 parte
1597 1801 1771 1840 cervicis

106 1876 308 1923 albidum,
359 1872 495 1913 lituris
538 1873 909 1927 longitudinalibus
953 1873 1096 1920 fuscis3
1140 1875 1250 1914 frons
1279 1886 1321 1914 et
1351 1875 1573 1930 supercilia
1602 1877 1687 1915 fere
1718 1876 1771 1915 al-

104 1952 224 1989 bent:
252 1951 356 1989 Gula
387 1949 492 1987 alba.
550 1950 727 1988 Dorsum
755 1959 888 1987 totum
916 1948 1248 2002 fusco-nigrum,
1289 1949 1429 1989 limbis
1459 1950 1770 1990 lutescentihus.

105 2025 251 2064 Subtus
281 2023 366 2063 avis
395 2022 571 2077 pallida,
603 2022 773 2061 maculis
801 2022 1172 2076 longitudinalibus
1202 2024 1296 2062 latis
1326 2024 1510 2063 obsolete
1541 2023 1682 2077 nigris,
1712 2023 1771 2063 ita

106 2110 150 2138 ut
179 2099 270 2154 plus
299 2112 420 2151 saepe
450 2096 578 2150 nigri,
621 2111 743 2149 quam
783 2096 932 2150 pallidi
962 2108 1167 2151 appareat.
1238 2099 1417 2136 Crissum
1446 2096 1773 2146 immaculatum,

109 2172 233 2212 rarius
264 2170 488 2211 rhachibus
519 2170 653 2209 fuscis.
710 2173 896 2224 Remiges
923 2171 1084 2224 nigrae,
1117 2170 1289 2209 interius
1318 2182 1429 2210 totae
1452 2172 1623 2212 maculis
1646 2184 1771 2212 trans-

107 2247 234 2286 versis
264 2245 452 2299 magnis,
495 2244 598 2284 albis
636 2245 700 2283 vel
738 2245 1034 2284 lutescentibus
1076 2256 1253 2284 notatae.
1327 2246 1524 2287 Tectrices
1566 2249 1771 2288 subalares

109 2321 438 2376 nigro-alboque
481 2319 631 2359 variae.
709 2320 854 2359 Gauda
897 2320 1176 2374 subaequalis3
1219 2324 1401 2360 rectrices
1443 2321 1604 2376 nigrae,
1651 2321 1769 2376 apice

113 2398 412 2444 subtestaceae,
444 2406 485 2435 et
514 2394 706 2449 utrinque
737 2394 840 2434 areis
868 2395 1074 2441 malibus,
1112 2395 1379 2436 subtestaceis
1408 2397 1658 2445 maculatae,
1703 2412 1769 2437 ex-

1384 2474 1408 2496 Ξ*
