2196 2927
905 174 1049 197 Ε
1712 180 1791 219 311

339 280 467 334 Scops
496 286 728 322 auctorum,
766 274 939 315 Brisson.
970 275 1112 313 ornith.
1144 274 1176 312 Ι.
1217 291 1256 330 p.
1286 282 1378 327 495.
1423 277 1505 318 tab.
1537 285 1599 331 37.
1633 280 1716 335 fig.
1754 299 1785 321 ι,

392 356 583 409 (curata).
640 353 826 391 Latham.
855 364 948 402 syn.
978 350 1010 388 Ι.
1041 365 1081 404 p.
1118 367 1204 400 129.
1233 366 1293 406 sp.
1331 359 1390 394 15.

336 434 461 485 Stryx
491 431 618 482 Scops
645 428 732 464 Lin.
762 434 864 478 ςγδι.
895 426 928 462 Ι.
959 441 998 480 p.
1035 431 1121 466 132.
1151 439 1212 479 sp.
1245 431 1280 465 5.

336 510 393 546 Le
424 503 530 560 petit
558 505 670 547 Duc,
700 502 860 552 Buffon.
891 501 1035 540 ornith.
1065 501 1098 538 I.
1130 515 1225 554 pag.
1258 506 1348 541 358.
1385 502 1468 542 tab.
1501 514 1562 555 24.
1595 508 1790 562 (optima,

387 579 469 620 nisi
498 578 608 632 quod
637 575 848 616 cornicula
876 589 959 615 non
988 578 1245 630 appareant.)
1287 577 1555 620 D'Aubenton
1583 586 1684 623 icon.
1723 600 1788 625 co-

387 659 460 696 lor.
491 653 575 693 tab.
606 659 700 703 436.

330 733 458 786 Stryx
485 727 720 784 pulchella,
749 729 854 769 Pazl.
885 730 971 768 itin.
1002 728 1036 766 Ι.
1066 728 1239 784 append.
1271 745 1310 784 p.
1340 736 1433 780 456.
1464 746 1501 770 η.
1533 738 1570 773 8.
1601 733 1786 775 Latham.

381 822 474 860 syn.
506 820 569 844 αυ.
600 806 633 844 Ι.
665 821 704 859 ρ.
740 811 827 845 130.
859 819 896 844 η.
935 810 993 844 16.
1024 804 1107 843 tab.
1139 811 1176 845 5.
1197 805 1282 858 fig.
1320 823 1351 844 1.

327 884 453 936 Stryx
495 878 632 935 capite
673 879 827 928 aurito,
871 893 894 918 e
938 890 1061 932 gente
1092 894 1162 918 sua
1192 878 1385 930 minima,
1430 883 1639 937 Lepechin.
1682 885 1787 925 Nov.

381 959 496 998 Com.
526 957 685 1011 Petrop.
717 955 806 993 XV.
838 971 876 1010 p.
907 962 1001 1005 490.
1032 955 1114 995 tab.
1147 971 1210 995 20.
1249 957 1390 1012 Ejusd.
1421 961 1507 998 itin.
1538 960 1592 999 II.
1624 976 1663 1014 p.
1694 967 1786 1011 296.

381 1034 464 1073 tab.
495 1040 534 1082 4.
567 1033 687 1083 (Icon
717 1029 894 1070 naturali
923 1028 1114 1084 proxima
1145 1031 1465 1086 magnitudine.)

215 1108 386 1151 Rossice
404 1110 514 1162 (Kan
524 1108 644 1159 Ehz).
674 1105 836 1146 Tataris
854 1104 1033 1145 sibiricis
1049 1106 1289 1159 Ssogerghn.
1320 1107 1523 1161 Tungusis
1538 1110 1576 1147 K
1576 1111 1783 1164 yhmszy.

240 1182 520 1239 Lepidissima
548 1180 737 1221 omnium
767 1180 829 1220 sui
858 1180 1019 1234 generis
1049 1191 1092 1220 et
1121 1183 1267 1235 Stryge
1297 1182 1506 1236 passerina
1536 1183 1671 1223 minor
1699 1185 1782 1225 avi-

103 1262 218 1311 cula,
262 1259 308 1299 in
335 1255 700 1313 temperatioribus
729 1254 901 1295 Rossiae
931 1265 974 1294 et
1003 1254 1209 1295 citerioris
1240 1255 1417 1295 Sibiriae
1447 1257 1544 1296 satis
1574 1259 1780 1313 frequens.

102 1340 229 1377 Amat
257 1332 502 1391 praesertim
531 1331 711 1371 Saliceta
742 1331 793 1370 ad
822 1329 1002 1384 Volgam
1032 1341 1074 1369 et
1092 1329 1358 1384 Rhymnum,
1388 1346 1525 1371 versus
1551 1348 1661 1373 mare
1686 1335 1779 1375 Cas-

100 1412 218 1468 pium
246 1422 289 1451 et
322 1407 514 1462 Gurjevi‚
557 1405 698 1461 aprico
740 1405 835 1446 loco
872 1404 1043 1460 copiose
1071 1406 1202 1445 datur.
1274 1409 1436 1461 Hyeme
1465 1406 1509 1446 in
1540 1409 1780 1449 australiora

102 1487 272 1541 migrat,
316 1485 426 1524 unde
453 1481 589 1538 primo
619 1495 719 1520 vere
747 1480 878 1526 redit,
917 1479 963 1519 in
992 1479 1166 1520 arbustis
1197 1480 1460 1522 densioribus
1489 1493 1531 1522 et
1562 1482 1672 1524 circa
1702 1484 1777 1524 vil-

99 1563 159 1603 las
189 1560 394 1601 habitans.
452 1555 632 1596 Victitat
661 1554 793 1595 erucis
817 1565 859 1594 et
882 1554 1132 1604 scarabaeis,
1165 1571 1299 1595 mures
1324 1572 1489 1612 quoque
1511 1570 1675 1613 captat,
1704 1575 1777 1599 un-

100 1639 151 1678 de
181 1636 225 1676 in
255 1632 522 1676 conclavibus
552 1630 688 1681 utilis,
730 1630 976 1686 praesertim
1019 1645 1113 1671 cum
1150 1631 1366 1671 lenissimo
1405 1632 1544 1672 volatu
1572 1648 1624 1673 ne
1655 1648 1777 1674 exau-

97 1712 236 1753 diatur
263 1708 448 1765 quidem.
508 1706 695 1746 Interdiu
723 1707 846 1761 plane
877 1719 1015 1746 coeca.
1077 1707 1115 1745 V
1114 1722 1169 1746 ox.
1199 1707 1387 1761 querula3
1418 1708 1582 1748 frendet
1611 1724 1780 1765 quoque

97 1785 257 1828 collisis
286 1782 541 1824 mandibulis
577 1781 720 1821 territa
758 1782 827 1821 vel
864 1781 983 1821 irata.
1056 1781 1236 1820 Tardius
1263 1781 1439 1835 reliquis>
1476 1784 1777 1837 congeneribus

95 1860 255 1918 prurit,
295 1858 407 1900 Junii
436 1859 604 1898 demum
635 1855 776 1896 medio
805 1857 942 1912 pullos
971 1855 1223 1905 excludens,¹
1264 1871 1348 1912 quo
1373 1867 1562 1913 tempore
1593 1858 1777 1898 Bubonis

95 1940 180 1990 jam
209 1934 340 1975 adulti
368 1935 454 1974 fere
485 1933 665 1972 evolant.
724 1933 857 1972 Nidus
886 1933 931 1971 in
960 1932 1074 1972 cavis
1101 1932 1292 1972 arborum
1322 1943 1364 1972 et
1392 1934 1466 1972 sub
1488 1932 1626 1973 tectis.
1681 1934 1774 1973 Ova

94 2010 216 2059 bina,
257 2025 331 2064 pro
359 2007 525 2048 tantilla
554 2006 715 2046 avicula
751 2021 918 2060 magna,
964 2007 1159 2060 globosa,
1199 2006 1380 2046 candida
1421 2022 1517 2047 cum
1559 2007 1775 2049 levissimo

95 2086 252 2131 virore,
279 2082 540 2130 laevissima,
579 2081 784 2120 diametro
814 2091 987 2134 utroque
1025 2082 1078 2118 1²¹.
1115 2080 1195 2126 15⁸⁷.

230 2160 400 2199 Descr.
457 2159 646 2196 Rostrum
676 2157 856 2202 fuscum,
885 2154 1059 2194 maxilla
1085 2153 1281 2194 inferiore
1311 2155 1363 2194 ad
1386 2154 1550 2210 apicem
1571 2156 1769 2212 utrinque

91 2235 244 2277 leviter
271 2233 444 2274 sinuata.
502 2233 661 2285 Lingua
691 2231 893 2285 profunde
924 2229 1087 2278 biloba,
1117 2230 1276 2270 obtusa.
1338 2231 1469 2271 Nares
1492 2231 1607 2286 quasi
1631 2233 1767 2274 tubuli

91 2309 299 2366 depressi,
329 2307 451 2349 rostri
480 2308 569 2347 basi
600 2305 836 2346 coadunati.
892 2306 1018 2345 Irides
1045 2305 1188 2360 pulcre
1218 2305 1563 2360 flavo-pallidae.
1624 2309 1763 2363 Palpe-

94 2387 184 2426 brae
213 2384 484 2441 plumulosae.
553 2383 681 2437 Pepla
714 2382 898 2437 parvula.
973 2383 1190 2422 Cornicula
1217 2379 1261 2420 in
1290 2391 1464 2437 utroque
1492 2397 1593 2424 sexu
1620 2399 1760 2439 parva,
