2196 2927
381 210 465 249 116
1145 216 1290 239 =-—-·—···

375 318 476 367 sint,
516 332 539 357 e
569 331 650 371 quo
680 315 751 354 vix
780 312 1017 369 prominent
1045 313 1170 354 facies
1201 322 1242 353 et
1271 314 1411 368 pedes.
1476 314 1705 366 Tempore,
1748 326 1872 366 quum
1904 315 2047 355 Comes

374 395 480 434 Petr.
509 393 536 431 S
546 393 763 431 chuvalo
765 392 798 442 f
831 389 1081 444 piscaturam
1107 387 1357 445 phocarum,
1403 397 1572 443 propter
1602 386 1740 426 oleum
1770 387 1821 426 ad
1851 388 2043 430 coriarias

373 467 558 508 officinas
588 465 920 513 divendendum,
953 464 1033 504 sibi
1063 463 1368 512 vindicaverat,
1413 463 1519 502 ultra
1549 465 1628 500 XX
1659 459 1794 501 millia
1824 466 2043 516 quotannis

371 543 413 582 in
451 541 555 581 mari
584 541 736 596 Caspio
764 540 1006 595 praesertim
1037 550 1251 588 autumno,
1288 538 1444 579 retibus
1472 536 1664 593 pendulis
1700 544 1743 578 15
1774 548 1816 576 et
1845 538 1950 578 ultra
1980 554 2044 579 or-

369 632 561 672 gyarum,
606 617 893 670 capiebantur,
938 630 1111 669 quorum
1142 625 1363 655 excoctum
1391 614 1531 655 oleum
1562 630 1608 652 20
1641 610 1816 652 hastulis
1845 628 1919 668 per
1946 630 2044 670 pon-

368 693 422 732 do
451 703 493 731 et
521 692 652 746 pelles
683 699 705 732 6
735 690 909 730 hastulis
939 689 1176 729 vaenibant.
1246 689 1383 730 Hodie
1426 689 1562 729 minus
1598 687 1780 742 copiose.
1852 690 2043 730 Callidae

368 778 478 815 sunt,
511 778 553 806 et
581 767 625 806 in
654 765 758 805 mari
795 777 1034 805 venatorem
1073 780 1156 805 non
1186 764 1310 804 facile
1341 764 1693 819 adpropinquant3
1723 765 1794 803 sed
1825 763 2043 805 hominem

367 841 411 881 in
440 840 594 896 scapha
620 841 753 881 visum
776 851 914 880 tamen
938 840 1011 880 diu
1033 851 1259 888 sectantur,
1292 839 1408 894 quasi
1437 838 1720 878 mirabundae.
1779 839 1935 894 Captae
1966 839 2042 881 ho-

368 916 474 956 mini
501 916 626 956 facile
657 917 922 964 adsuescunt,
967 915 1052 954 imo
1093 914 1319 954 familiares
1362 915 1447 953 fere
1490 914 1685 953 evadunt.
1757 913 1884 954 Vivas
1928 914 2043 955 domi

365 990 516 1040 habui,
561 1006 664 1046 quae
694 991 799 1030 ultra
836 997 859 1030 8
890 989 1195 1039 hebdomadas,
1240 989 1328 1029 sine
1370 988 1526 1043 insigni
1569 991 1836 1029 decremento
1878 989 2042 1043 saginae

366 1066 434 1105 vel
462 1066 628 1113 virium,
658 1067 887 1105 absolutam
915 1064 1101 1105 inediam
1130 1064 1337 1119 patienter
1365 1064 1612 1112 tolerarunt,
1643 1075 1685 1103 et
1726 1063 1928 1104 dissectae
1971 1066 2042 1105 ad-

364 1140 446 1181 huc
470 1140 637 1196 adipem
658 1140 784 1180 trium
808 1140 1035 1195 digitorum
1059 1139 1263 1189 crassitie,
1294 1151 1337 1179 et
1363 1138 1562 1179 intestina
1591 1154 1713 1179 muco
1742 1140 1892 1179 referta
1922 1138 2041 1180 exhi-

366 1217 556 1255 buerunt.
584 1241 639 1246 —-
677 1217 807 1255 Pelles
834 1215 998 1255 Phocae
1039 1214 1211 1254 caninae
1242 1214 1345 1254 mire
1375 1214 1561 1254 diversae
1605 1225 1647 1254 et
1688 1214 1941 1269 variegatae,
1988 1216 2040 1257 ad

366 1289 534 1329 viliores
564 1305 656 1329 usus
686 1289 840 1343 plebis,
872 1303 1032 1337 ocreas,
1064 1289 1326 1344 subpedalia,
1358 1288 1615 1343 operimenta
1646 1287 1840 1328 cistarum
1863 1300 1905 1329 et
1928 1305 2039 1329 man-

363 1363 466 1404 ticas
496 1362 760 1403 adhibentur.
818 1362 1003 1412 Lamuti,
1036 1363 1209 1404 Coraeci
1238 1374 1280 1403 et
1310 1361 1620 1405 Camtschadali
1648 1362 1878 1418 phocarum
1907 1365 2039 1420 pelles

361 1438 406 1478 in
437 1453 629 1478 acervum
672 1449 906 1493 compactas
947 1449 1183 1493 putrescere
1221 1438 1378 1487 sinunt,
1410 1450 1454 1478 ut
1482 1438 1591 1493 pilus
1635 1439 1806 1488 defluat,
1852 1439 1950 1480 dein
1994 1440 2038 1480 in

365 1513 472 1553 sacci
494 1514 668 1553 formam
691 1524 892 1552 consuunt
915 1523 956 1552 et
979 1512 1180 1552 corticem
1203 1512 1305 1552 Alni
1329 1513 1492 1568 alpinae
1517 1513 1819 1553 comminutum
1842 1525 1883 1554 et
1908 1530 2036 1569 aquae

361 1587 573 1627 incoctum
602 1587 845 1634 infundunt,
876 1598 1047 1641 tumque
1077 1586 1154 1626 hos
1183 1602 1321 1627 saccos
1351 1587 1508 1641 agitant
1539 1598 1580 1626 et
1609 1586 1759 1641 ligneis
1790 1588 1918 1629 clavis
1948 1600 2038 1631 tun·

361 1663 482 1710 dunt,
513 1673 558 1702 ut
587 1662 701 1701 color
729 1660 896 1701 corticis
926 1662 1035 1700 rufus
1064 1672 1171 1701 totas
1200 1673 1391 1717 penetret
1421 1674 1463 1702 et
1490 1663 1684 1710 exsudet,
1716 1665 1824 1703 unde
1847 1663 2038 1719 pulcher-

361 1736 492 1776 rimae
522 1738 716 1776 evadunt.
786 1735 1236 1791 Archangelopolitani
1266 1737 1497 1777 catulorum
1526 1737 1656 1791 pelles
1687 1752 1779 1777 cum
1811 1738 1913 1780 villo
1943 1740 2036 1795 pul-

360 1810 566 1850 cherrime
597 1810 762 1865 tingunt
789 1810 908 1864 nigro
939 1811 1078 1850 colore
1121 1821 1162 1851 et
1198 1810 1243 1851 in
1273 1813 1391 1851 urbes
1422 1811 1655 1851 divendunt
1683 1827 1757 1867 pro
1786 1814 2035 1854 consuendis

359 1885 491 1926 ocreis
519 1897 562 1925 et
591 1884 885 1926 calceamentis
914 1884 1128 1940 hybernis.

493 1961 637 2001 Nota.
676 1979 706 2001 1.
766 1962 992 2001 Varietates
1031 1960 1106 2001 Ph.
1138 1961 1310 2002 caninae
1347 1961 1575 2003 etiamnum
1618 1961 1797 2003 curatius
1840 1963 2032 2019 persequi

359 2048 524 2075 necesse
553 2046 628 2076 est.
698 2036 822 2077 Certe
860 2048 903 2076 et
940 2036 984 2075 in
1016 2036 1119 2076 mari
1149 2040 1354 2093 Europam
1398 2038 1600 2087 alluente,
1646 2039 1861 2093 multoque
1904 2039 2034 2094 magis

359 2105 404 2147 in
444 2109 639 2151 orientali
670 2126 848 2160 oceano,
893 2125 1040 2165 magna
1070 2123 1133 2151 est
1160 2112 1361 2167 suspicio,
1407 2113 1543 2168 plures
1574 2128 1660 2153 esse
1704 2113 1881 2169 species,
1927 2129 2031 2169 quae

358 2183 411 2222 ob
441 2184 760 2225 similitudinem
797 2201 1000 2226 summam
1042 2188 1198 2227 formae
1241 2199 1283 2228 et
1325 2188 1656 2243 magnitudinem
1700 2190 1914 2244 aequalem
1957 2203 2032 2244 pro

358 2257 626 2300 varietatibus
657 2259 826 2300 habitae
856 2272 961 2300 sunt.
1020 2261 1238 2303 Balthicae
1262 2263 1590 2318 vulgatissimae,
1623 2275 1668 2304 ut
1701 2275 1744 2305 et
1766 2279 1788 2305 e
1812 2263 1915 2303 mari
1938 2264 2033 2304 albo

358 2330 537 2381 adlatae,
568 2335 755 2389 pallido·
773 2335 1000 2383 lutescunt,
1031 2335 1076 2375 in
1107 2338 1227 2378 dorso
1258 2337 1393 2378 lituris
1422 2349 1463 2378 et
1491 2339 1664 2379 maculis
1694 2338 1818 2378 variis
1842 2352 2028 2392 consper-

354 2420 420 2446 sae
455 2407 698 2463 plerumque
740 2409 994 2465 tripedalem
1036 2412 1369 2464 magnitudinem
1410 2428 1494 2454 non
1536 2415 1758 2454 excedunt.
1830 2414 2030 2466 Caspicae
