2196 2927
913 187 1055 199 ·“““-·
1729 190 1816 230 459

147 288 269 327 ulnae
301 287 457 327 alarum
488 287 545 328 δ”.
576 293 644 338 9”’.
675 300 947 341 expansarum
993 288 1072 324 10''.
1104 291 1172 335 9''‘.
1217 287 1336 327 rostri
1378 288 1429 327 ad
1470 287 1649 327 frontem
1679 294 1738 339 7‘'.
1769 288 1818 327 tin

148 361 242 402 biae
280 363 331 402 1''.
364 364 447 408 25⁸.
507 361 643 416 Digiti
672 361 802 401 medii
833 365 946 414 (cum
975 374 1110 413 ungue
1143 364 1230 414 ΒΨ.)
1263 363 1331 401 Bm.
1361 363 1513 417 postici
1543 367 1658 417 (cum
1681 377 1817 417 ungue

140 436 229 489 3'''.)
259 437 327 488 9'''.
386 439 577 477 Intestino
621 440 678 488 9''.
710 452 831 476 coeca
865 437 945 475 duo
980 450 1123 490 parva,
1155 435 1349 488 pollicari
1379 439 1428 477 ab
1459 454 1536 478 ano
1567 422 1777 478 distantia.

278 512 422 551 Nota.
480 512 679 551 Abundat
709 511 835 550 etiam
866 510 909 549 in
941 509 1105 562 Belgio,
1149 508 1221 548 ubi
1265 525 1286 548 a
1324 525 1426 551 voce
1455 512 1566 552 inter
1595 513 1819 553 volandum

141 586 253 626 edita
284 587 483 626 Kerreltiet
513 597 702 631 vocatur,
746 596 788 624 et
832 584 992 640 duplici
1036 583 1324 638 magnitudine
1363 587 1622 635 observatur,
1667 602 1816 642 nempe

141 661 319 701 minores
348 659 541 699 Luscinia
570 659 682 699 haud
712 659 842 699 multo
886 662 1072 713 majores.
1143 663 1284 699 Posset
1325 659 1429 700 haec
1471 661 1576 710 avis,
1621 677 1714 701 cum
1758 677 1816 702 se-

140 735 303 790 quenti,
349 735 399 773 ad
434 736 694 791 D‘Iuscicczpczs
731 750 801 775 seu
843 735 979 774 Todos
1017 734 1247 784 amandari,
1281 736 1352 774 sed
1383 736 1436 775 ob
1469 735 1816 789 magnitudinem,

140 809 341 864 rostrique
371 820 411 849 et
441 811 594 865 pedum
624 810 938 866 proportionem
967 809 1116 848 Turdis
1146 809 1280 864 aptius
1311 811 1644 850 adnumerantur.

534 941 657 972 100.
757 928 801 970 T
832 929 871 970 U
903 929 938 969 R
970 928 1012 969 D
1043 928 1082 969 U
1115 929 1141 969 S
1214 929 1417 972 Ac'don.

271 1027 320 1065 T.
351 1041 470 1080 supra
499 1026 958 1072 cinereo-flavescens,
996 1026 1134 1065 subtus
1166 1025 1349 1074 albidus,
1392 1026 1638 1068 rectricibus
1669 1039 1815 1066 conco-

137 1098 311 1149 loribus,
345 1100 502 1140 extima
532 1102 664 1141 multo
694 1101 900 1140 breviore.

350 1174 592 1230 Muscicapa
621 1177 791 1224 Aedon,
824 1176 928 1215 Pall.
959 1180 1044 1215 itin.
1076 1177 1148 1214 III.
1185 1177 1357 1230 append.
1390 1194 1427 1230 p.
1460 1184 1550 1227 695.
1583 1193 1619 1216 η.
1657 1194 1716 1217 11.

270 1251 317 1287 In
349 1249 602 1304 rupestribus
631 1248 859 1295 Dauuriae,
889 1250 1130 1304 praesertim
1159 1261 1293 1289 tractu
1322 1250 1671 1299 Adon-tschelo‚
1704 1250 1813 1290 inter

135 1324 327 1364 Ononem
370 1335 412 1363 et
463 1324 622 1364 Ononis
666 1328 834 1364 Borsam
877 1325 972 1363 fluv.
1011 1326 1223 1379 frequens;
1264 1324 1449 1364 solitaria
1487 1324 1594 1372 avis,
1639 1331 1814 1366 carmine

135 1398 325 1452 egregio,
369 1398 586 1438 Lusciniae
628 1398 866 1452 glocitantis
909 1398 1036 1438 simili
1068 1410 1110 1451 et
1139 1399 1321 1445 aemulo,
1377 1401 1621 1454 praesertim
1650 1401 1814 1456 vesperi

134 1488 294 1514 canora.
354 1475 575 1513 Nidulatur
602 1473 646 1512 in
677 1472 868 1527 virgultis
898 1473 1008 1513 circa
1037 1489 1156 1528 rupes
1187 1473 1478 1514 crescentibus.
1544 1475 1812 1516 Insectivora.

266 1578 435 1617 Des-cr.
511 1575 665 1617 Adhuc
708 1573 844 1614 minor
886 1576 1179 1629 praecedente,
1227 1577 1414 1631 adeoque
1457 1577 1507 1616 ad
1551 1577 1812 1631 Muscicapas

135 1650 258 1690 facile
289 1652 523 1698 referenda,
568 1650 649 1690 nisi
693 1651 822 1689 forma
865 1649 986 1689 rostri
1016 1660 1056 1688 et
1086 1651 1201 1690 color
1229 1650 1488 1690 simillimam
1517 1651 1693 1691 Junconi
1723 1652 1813 1690 red-

130 1727 260 1765 deret.
319 1728 510 1766 Rostrum
540 1740 740 1771 crassum,
784 1723 873 1764 basi
919 1725 1290 1778 depressinsculum
1320 1736 1361 1764 et
1392 1727 1442 1765 ad
1480 1727 1659 1765 frontem
1690 1740 1812 1779 angu-

132 1800 280 1847 latum3
313 1812 424 1840 setae
454 1811 535 1839 tres
566 1799 748 1853 insignes
779 1814 899 1853 supra
928 1799 1009 1838 oris
1041 1801 1230 1853 angulos3
1262 1800 1434 1841 maxilla
1458 1800 1630 1840 inferior
1654 1801 1811 1847 albida;

127 1890 175 1915 os
204 1875 313 1914 intus
344 1876 515 1915 fulvum.
586 1873 689 1914 Avis
719 1889 841 1929 supra
870 1884 957 1913 tota
988 1872 1446 1923 cinereo-flavescens3
1489 1879 1578 1916 lora
1608 1886 1650 1914 et
1678 1878 1813 1930 palpe-

136 1950 230 1989 brae
261 1950 437 1989 albidae.
504 1950 609 1989 Gula
639 1960 680 1988 et
709 1963 856 2002 corpus
886 1949 1024 1987 subtus
1055 1959 1188 1989 totum
1218 1949 1654 1989 flavescenti—album.
1712 1950 1812 1988 Ata-

131 2039 221 2063 rum
265 2038 424 2077 pennae
468 2024 626 2069 fuscae,
669 2022 853 2076 margine
896 2033 1069 2062 externo
1113 2024 1414 2072 cinerascente,
1458 2023 1658 2064 interiore
1702 2023 1810 2063 albo.

130 2099 275 2139 Gauda
311 2099 454 2152 longa,
497 2097 960 2143 cinereo-fuscescens,
1003 2097 1247 2138 rectricibus
1290 2097 1440 2137 mediis
1479 2097 1811 2152 subaequalibus,

132 2173 289 2213 extima
319 2172 512 2227 utrinque
542 2172 673 2211 multo
703 2170 908 2211 breviore.
965 2172 1110 2218 Pedes,
1153 2183 1197 2211 ut
1226 2172 1269 2211 in
1298 2173 1596 2227 praecedente,
1641 2173 1813 2221 robusti,

129 2247 253 2293 fusci,
284 2246 448 2287 tibialia
476 2247 661 2287 loricata.
719 2246 882 2286 Pondus
911 2245 996 2285 avis
1022 2245 1312 2288 drachmarum
1342 2254 1446 2301 6-7.
1506 2249 1737 2304 Longitudo
1761 2249 1812 2288 ad

131 2322 380 2377 uropygium
411 2324 471 2364 δ”.
511 2323 601 2362 rom.
634 2322 788 2363 caudae
821 2322 878 2363 δ”.
911 2321 995 2362 23‘'‘.
