2196 2927
447 181 534 231 326
1206 187 1350 212 Ξ

441 291 576 331 visum
605 289 647 328 in
680 286 848 328 aethera
876 299 1014 327 enatat
1043 286 1186 342 spirali
1217 286 1378 336 volatu,
1424 287 1535 326 unde
1566 284 1752 326 fulminis
1780 284 1908 328 instar
1937 287 2118 329 defertur

441 366 484 406 in
513 365 730 420 praedam,
777 379 901 418 quam
931 363 1088 403 alarum
1116 363 1278 419 impetu
1306 362 1365 401 ita
1394 361 1513 408 ferit,
1556 373 1602 401 ut
1640 377 1762 417 saepe
1793 363 1900 402 alam
1944 365 2115 419 frangat,

440 441 526 481 imo
557 438 771 495 praecidat
801 438 959 493 magnis
989 437 1155 485 avibus,
1191 453 1289 493 quas
1319 437 1363 476 in
1393 448 1543 476 terram
1573 436 1689 476 vivas
1718 438 1899 491 dejectas
1929 438 2116 480 dilaniet.

439 520 627 556 Venatur
665 517 813 564 Grues,
858 518 1055 562 Anseres,
1096 518 1274 560 Anates,
1319 511 1524 552 matutino
1554 512 1797 567 praesertim
1824 523 2034 568 tempore,
2077 526 2117 554 et

443 591 557 631 vivas
587 590 807 645 discerpit3
851 601 946 645 post
975 589 1197 629 meridiem
1227 603 1310 628 non
1339 587 1568 628 famelicus.
1639 588 1774 628 Jacuti
1817 603 1912 628 eum
1956 602 2118 643 compa-

441 676 533 705 rant
575 665 762 714 fulmini,
808 677 849 705 et
886 677 1083 719 tanquam
1126 664 1305 703 amicum
1335 674 1378 703 et
1406 662 1686 718 propinquum
1716 664 1908 704 coelestis
1937 664 2118 704 numinis

439 742 499 781 ita
528 752 786 790 reverentur,
818 752 863 780 ut
892 755 1017 794 quum
1048 739 1092 777 in
1122 737 1226 777 retia
1254 737 1421 777 anatina
1451 738 1518 777 vel
1548 739 1716 792 laqueos
1747 754 1841 778 casu
1865 739 2120 795 implicatur,

439 816 629 856 manibus
659 815 779 854 illum
809 826 976 868 tangere
1007 812 1203 861 timeant,
1235 813 1307 852 sed
1335 811 1494 852 baculis
1524 823 1732 867 utcunque
1757 828 1778 852 e
1802 829 1912 853 nexu
1940 814 2117 854 liberare

439 901 658 937 conantum
689 893 934 930 Fortunatos
965 904 1006 928 se
1035 899 1247 943 putantes,
1279 887 1314 926 si
1344 886 1464 926 illum
1496 897 1656 926 tantum
1680 887 1876 928 viderint.
1937 891 2118 929 Varieta-

439 975 518 1005 tem
547 964 753 1020 imprimis
784 963 1139 1005 Camtschaticam
1181 963 1320 1003 albam
1362 961 1433 1002 hie
1465 961 1718 1010 describam,
1762 978 1865 1018 quae
1894 963 1957 1004 ibi
1986 964 2118 1004 multo

440 1040 646 1094 vulgatior
675 1041 944 1080 fuscescente.

579 1116 751 1155 Descr.
811 1115 1019 1154 Maximus
1062 1127 1104 1155 et
1146 1113 1392 1155 fortissimus
1436 1114 1498 1153 sui
1542 1113 1718 1168 generis.
1776 1116 1967 1155 Rostrum
1995 1113 2119 1154 vires-

440 1206 557 1240 cenS,
590 1191 708 1246 apice
738 1191 938 1240 lividum,
986 1192 1131 1231 obtuse
1160 1191 1444 1236 bidentatum3
1488 1189 1661 1228 maxilla
1691 1188 1863 1229 inferior
1892 1189 2118 1229 obsoletius

439 1266 707 1320 emarginata.
766 1268 922 1320 Corpus
951 1276 1086 1305 totum
1116 1264 1306 1304 niveum:
1337 1274 1481 1302 vertex
1510 1262 1755 1312 rhachibus‚
1798 1263 1942 1304 cervix
1975 1275 2119 1303 venter

439 1351 482 1380 et
511 1340 760 1394 uropygium
789 1340 956 1380 lineolis
987 1338 1187 1394 scapinis,
1219 1340 1385 1378 dorsum
1415 1349 1457 1377 et
1487 1339 1575 1378 alae
1606 1337 1733 1392 guttis
1763 1338 1806 1377 in
1838 1337 2015 1379 rhachin
2040 1339 2117 1378 sin-

438 1415 558 1469 gulae
589 1416 754 1470 plumae
785 1414 1035 1455 continuatis
1065 1413 1202 1453 fuscis.
1268 1413 1394 1461 Gula,
1427 1412 1618 1461 crissum,
1652 1413 1740 1452 alae
1764 1415 1903 1453 subtus
1927 1425 1969 1453 et
1990 1415 2117 1454 femo-

437 1491 541 1530 ralia
570 1490 850 1530 immaculata.
907 1491 1095 1542 Remiges
1125 1492 1341 1542 primariae
1371 1486 1638 1527 extremitate
1663 1488 1821 1537 fuscae,
1853 1490 2118 1528 albo-macu-

438 1565 568 1612 latae,
600 1565 718 1620 apice
747 1566 842 1604 albo
871 1563 1145 1618 marginatae3
1177 1563 1436 1603 secundariae
1467 1562 1584 1617 apice
1615 1563 1970 1603 fusco-fasciatae.
2021 1564 2116 1603 Rec-

438 1645 555 1680 trices
585 1641 777 1695 aequales
808 1641 945 1689 albae,
978 1638 1140 1679 mediae
1171 1639 1285 1678 fusco
1315 1650 1626 1692 conspurcatae.
1692 1638 1818 1678 Pedes
1856 1637 2116 1678 livido-coe-

437 1715 709 1761 rulescentes,
753 1714 1049 1762 robustissimi,
1092 1712 1209 1752 tibiis
1251 1713 1447 1753 brevibus
1489 1712 1728 1752 seminudis.
1799 1714 1988 1752 Mensura
2030 1711 2116 1752 avis

439 1791 491 1829 ad
533 1789 782 1844 uropygium
832 1789 911 1828 12'‘.
957 1790 1025 1828 6“'.
1071 1789 1226 1827 caudae
1277 1788 1335 1836 9''.
1379 1788 1449 1836 [μω.
1503 1787 1657 1825 alarum
1700 1788 1821 1826 ulnae
1872 1789 1951 1827 15⁷.
1994 1786 2116 1826 rostri

446 1863 498 1902 1''.
531 1868 598 1902 2'''.
629 1863 759 1903 tibiae
797 1867 849 1902 1s'.
880 1864 949 1914 7“‘.
985 1861 1111 1915 digiti
1148 1860 1278 1900 medii
1321 1861 1438 1913 (sine
1478 1874 1613 1914 ungue
1650 1862 1768 1912 11‘''.)
1819 1861 1872 1900 1²².
1911 1862 2001 1900 11²⁰.
2044 1876 2115 1916 po-

437 1937 532 1978 stici
563 1941 641 1990 (1⁰.
674 1940 761 1988 2⁸2)
802 1940 855 1976 1²¹.
892 1940 957 1977 1‘''.

573 2013 720 2053 Nota.
780 2013 1052 2067 Gyrfalcones
1079 2012 1300 2052 Uralenses
1338 2022 1380 2051 et
1417 2011 1584 2051 Altacei
1626 2010 1871 2066 praesertim
1909 2010 2116 2051 foeminae

438 2098 479 2127 et
508 2087 687 2141 juniores
718 2089 857 2128 colore
886 2099 927 2128 et
958 2087 1241 2142 variegatione
1266 2086 1472 2126 simillimi
1495 2086 1611 2126 Iconi
1635 2085 1679 2125 in
1703 2085 1954 2125 collectione
1985 2088 2114 2126 D'au-

376 2185 384 2187 -
439 2162 644 2202 bentoni
671 2165 757 2203 tab.
789 2171 880 2213 462.
926 2164 1129 2203 accedunt
1168 2163 1218 2202 ad
1255 2165 1299 2200 F.
1331 2161 1551 2201 Lanarium
1590 2161 1657 2200 vel
1686 2163 1731 2200 F.
1762 2160 2026 2215 peregrinum
2054 2164 2111 2213 ju-

441 2238 624 2288 niorem,
669 2254 788 2294 supra
829 2238 955 2285 fusci,
997 2239 1136 2278 subtus
1167 2237 1308 2277 albido
1339 2248 1380 2276 et
1409 2236 1639 2291 nigricante
1684 2235 1848 2275 densius
1892 2234 2112 2288 variegati,

441 2326 533 2351 cera
561 2313 714 2362 livida,
746 2313 922 2368 pedibus
952 2311 1343 2353 coerulescentibus.
1417 2311 1606 2352 Seniores
1637 2310 1766 2364 magis
1796 2311 2026 2355 albescunt,
2069 2320 2111 2348 et

439 2396 556 2425 notas
586 2389 836 2443 nigricantes
864 2387 1135 2436 contrahunt,
1163 2387 1369 2428 rarissime
1399 2385 1667 2428 inveniuntur
1689 2385 1792 2434 albi,
1824 2397 1963 2424 eorum
1987 2381 2112 2423 instar
