2196 2927
417 165 499 191 120
1177 157 1319 181 Ξ

412 262 516 303 haec
547 274 695 317 genera
726 275 747 297 a
777 257 874 297 feris
916 256 1087 297 omnino
1131 255 1380 311 discrepant,
1424 255 1547 296 simul
1578 257 1778 298 affinitate
1820 245 2090 299 concatenata

415 339 525 378 inter
554 351 595 375 se
626 332 855 374 successive
885 331 1122 372 cohaerent.
1193 330 1366 371 Diceres
1395 334 1598 372 Naturam
1628 348 1702 388 per
1743 331 1855 373 hunc
1899 334 2090 375 ordinem

413 412 573 452 hiatum
603 408 728 448 nimis
759 423 953 462 magnum
983 407 1092 447 inter
1121 408 1380 447 Hominem
1421 419 1463 447 et
1492 407 1670 462 reliquas
1702 407 1944 448 animalium
1991 410 2089 449 clas⁷

414 502 474 526 ses
505 485 674 539 explere
705 483 896 523 voluisse.
976 482 1089 536 Quid
1119 481 1232 522 enim
1262 481 1437 522 similius
1468 482 1586 522 nobis
1617 497 1739 537 quam
1767 484 1915 523 Simiae
1925 502 1936 529 ‚·
1968 499 2090 538 quam

412 576 563 616 pronus
595 561 644 599 ab
674 558 739 598 his
769 558 962 597 transitus
995 559 1045 598 ad
1074 560 1281 605 Lemures,
1327 557 1398 612 qui
1429 559 1478 597 ab
1509 556 1599 597 istis
1630 557 1727 598 solis
1772 557 1955 597 maxillis
2000 573 2089 613 pro-

414 634 549 676 ductis
578 636 663 674 fere
693 633 911 680 differunt3
944 632 1099 673 dehinc
1131 633 1182 672 ad
1212 633 1491 687 Didelphides.
1557 636 1713 672 Harum
1744 632 1897 673 deinde
1928 632 2090 688 aliquae

412 710 606 751 dentibus
637 709 883 749 affinitatem
909 707 1097 747 indicant
1127 722 1222 747 cum
1261 709 1393 748 Sorice
1436 719 1477 747 et
1518 710 1747 754 Erinncess,
1789 707 2091 763 transitumque

413 788 465 826 ad
495 787 665 826 Glirium
694 785 885 825 ordinem.
947 784 1103 838 Talpae
1134 794 1271 822 autem
1301 794 1344 822 et
1375 784 1675 838 Vespertiliom's
1705 798 1874 838 genera,
1920 794 2091 823 structu-

412 877 456 901 ra
486 876 556 901 sua
586 861 774 899 anomala
803 857 986 898 ludentis
1016 860 1199 897 Naturae
1229 857 1345 912 quasi
1374 858 1554 897 offerunt
1583 869 1755 913 ectypa,
1789 873 1962 912 quorum
1977 857 2089 913 prius

412 951 509 977 cum
539 934 679 975 Sorice
711 945 820 974 arcte
850 932 1064 981 cohaeret,
1108 932 1310 987 posterius
1347 947 1420 988 per
1451 933 1598 973 Catum
1642 933 1854 972 volantem
1898 932 2093 974 Camellii

417 1009 661 1050 Lemuribus
704 1010 823 1048 affine
854 1019 895 1048 et
925 1007 1115 1047 mammis
1158 1023 1323 1063 quoque
1354 1007 1632 1062 pectoralibus
1663 1006 1821 1055 simile,
1867 1008 1918 1046 ad
1947 1007 2093 1046 volati-

414 1085 473 1124 lia
503 1083 618 1138 quasi
649 1094 837 1122 catenam
867 1082 1011 1123 nectit.
1082 1087 1197 1124 Hanc
1237 1082 1387 1123 seriem
1417 1082 1673 1137 discerpere,
1715 1081 1958 1136 praesertim
2002 1096 2095 1121 cum

416 1160 533 1199 nullo
571 1157 793 1197 sufficienti
835 1159 1106 1198 fundamento
1148 1159 1279 1197 ullum
1322 1156 1470 1197 horum
1511 1171 1709 1210 generum
1751 1156 1848 1196 feris
1891 1155 2094 1196 adsociari

416 1244 562 1289 queat,
592 1243 698 1272 esset
726 1247 803 1272 nec
833 1233 1083 1281 naturalem,
1116 1245 1192 1271 nec
1223 1231 1483 1271 artificialem
1514 1230 1761 1270 methodum
1792 1230 1922 1286 sequi.
1951 1255 2005 1263 »-

551 1388 599 1424 Ι11
642 1394 803 1423 nostrae
849 1381 1020 1437 quidem
1071 1386 1234 1423 Faunae
1278 1383 1438 1423 ditione
1481 1386 1690 1429 Lemures,
1745 1383 2012 1439 Didelphides
2054 1394 2096 1422 et

415 1462 563 1500 Simiae
606 1462 642 1510 (z
666 1458 746 1497 nisi
788 1459 1046 1498 Hominem
1088 1458 1131 1496 in
1174 1457 1240 1497 his
1270 1458 1508 1512 regionibus
1537 1457 1663 1497 etiam
1707 1459 1909 1497 advenam
1939 1473 1989 1497 eo
2019 1468 2096 1496 tra-

416 1533 531 1586 hasx)
561 1532 731 1573 omnino
761 1532 950 1577 exulant3
995 1532 1170 1571 sufficiat
1199 1532 1303 1572 haec
1335 1532 1472 1571 affinia
1505 1547 1654 1585 genera
1696 1531 1767 1571 hic
1811 1531 1947 1571 obiter
1990 1531 2094 1572 indi-

419 1622 544 1650 casse.
601 1605 774 1655 Omnia,
818 1620 924 1660 quae
955 1607 1006 1645 ad
1036 1604 1147 1646 hunc
1178 1605 1367 1646 ordinem
1396 1605 1607 1661 pertinent
1645 1605 1858 1656 animalia,
1903 1607 2096 1655 dentium,

419 1682 663 1740 praesertim
692 1686 910 1736 primorum
939 1680 1042 1720 mira
1072 1680 1351 1721 inconstantia
1381 1682 1550 1729 ludunt,
1593 1692 1637 1720 ut
1666 1682 1885 1720 nonsolum
1915 1696 2041 1735 genus
2073 1698 2095 1721 a

420 1772 590 1813 genere,
636 1758 706 1797 sed
743 1756 786 1796 in
817 1758 965 1796 eodem
996 1770 1159 1811 quoque
1190 1771 1339 1811 genere
1382 1756 1540 1810 species
1583 1771 1662 1796 una
1707 1757 1757 1796 ab
1801 1756 1930 1796 altera
1972 1756 2093 1796 valde

421 1847 542 1887 saepe
567 1831 751 1881 differat,
783 1835 896 1885 cujus
919 1831 962 1871 in
980 1835 1223 1878 Lemurum,
1253 1830 1582 1886 Didelphidum,
1615 1830 1992 1885 Vespertilionum,
2026 1833 2094 1871 So-

422 1907 574 1957 ricum,
605 1909 828 1963 Talparurn
858 1906 1073 1963 speciebus
1103 1907 1297 1962 exempla
1326 1907 1608 1946 observantur.
1680 1909 1727 1946 In
1758 1906 1845 1946 solo
1875 1905 2095 1946 Simiarum

421 1993 463 2022 et
493 1981 785 2024 Erinaceorum
816 1997 965 2038 genere
996 1994 1186 2022 constans
1217 1993 1277 2021 est
1307 1981 1494 2022 dentium
1534 1981 1769 2030 character,
1815 1981 1954 2022 omnia
1997 1996 2094 2021 vero

423 2056 543 2111 hujus
571 2059 727 2099 ordinis
758 2058 954 2098 animalia
985 2057 1260 2098 continuitate
1290 2056 1413 2097 seriei
1443 2057 1652 2107 dentium,
1698 2057 1808 2097 inter
1851 2054 2019 2098 caninos
2054 2064 2096 2094 et

422 2134 597 2175 molares
625 2135 784 2190 repleto
811 2134 1054 2184 intervallo,
1087 2149 1108 2173 a
1138 2133 1234 2173 feris
1264 2147 1305 2172 se
1335 2132 1607 2188 distinguunt.
