2196 2927
908 209 1051 223 “”“““““
1782 216 1811 253 9

140 307 333 348 diderunt
363 305 508 363 aliqui.
567 310 656 349 Jam
686 305 798 348 enim
829 317 990 348 constat
1023 307 1170 348 Ursum
1201 319 1242 348 et
1273 311 1419 351 Melem
1443 309 1676 361 Americae,
1706 311 1808 353 licet

138 383 235 422 satis
273 383 430 423 similes
462 383 623 432 nostris,
660 382 802 422 indole
840 393 979 421 tamen
1017 393 1059 421 et
1094 381 1232 437 specie
1270 382 1486 425 distinctos
1524 400 1630 434 esse;
1668 386 1810 427 differt

136 458 264 498 etiam
292 459 342 498 ab
372 458 486 498 affini
515 459 666 504 Citillo,
696 461 900 498 Marmota
929 458 1167 512 quebecana
1197 460 1441 513 (Empetra)
1471 472 1513 499 et
1540 461 1674 501 forsan
1705 463 1809 503 Galo

137 532 390 573 americanus
426 546 508 571 non
545 544 606 572 est
634 532 810 572 varietas
846 532 1051 573 nostratis.
1098 559 1145 563 -
1206 535 1322 586 Quae
1368 547 1466 573 vero
1510 536 1623 576 omni
1669 548 1810 578 carent

137 607 267 648 dubio
304 606 485 663 speeieS,
531 607 752 649 Americae
783 623 878 648 cum
908 611 1071 663 Europa
1099 622 1352 657 communes,
1383 619 1496 648 sunt:
1525 613 1565 661 ἢκ“)

132 730 220 762 Felis
246 727 349 772 Lynx.
706 732 859 765 Mustela
884 729 1094 764 He·›·mf;:e:.·m.
1277 735 1354 764 Mus
1382 732 1563 775 amphibius.

131 801 233 851 Cenis
259 798 366 844 thpus
380 811 461 834 cum
488 803 614 836 variet.
754 822 797 832 —-
861 795 946 834 Cale
967 800 1109 846 (hyeme
1125 806 1164 834 ut
1178 811 1213 832 a·
1301 823 1343 831 —
1385 813 1567 835 oeconomus.

282 874 392 914 nigra.
858 873 931 916 pud
953 883 1017 904 nos
1033 870 1212 919 candida.)
1302 891 1342 897 —
1383 871 1522 907 Citillns.

128 941 233 979 Canis
256 941 389 985 Vulpes,
411 953 492 976 cum
515 947 611 977 omni
703 947 815 978 Sorex
842 954 983 977 araneus.
1277 947 1418 977 Sciurus
1445 945 1587 977 striatas.

281 1015 468 1046 varietate.
740 1034 783 1041 —-
848 1015 992 1046 minutus.
1277 1016 1413 1047 Cervus
1439 1014 1528 1047 Alce.

165 1100 209 1106 ——
259 1078 417 1125 Lagopus.
705 1087 833 1118 Castor
859 1083 960 1118 Fiher,
1325 1103 1372 1108 -—
1438 1083 1621 1118 Tar-anctus.

133 1153 281 1183 Viverra
305 1150 421 1186 Lutra.
703 1157 816 1196 Lepus
843 1152 1019 1185 variabilis.
1277 1156 1479 1197 Aegoceros
1507 1165 1638 1189 ammon.

128 1220 282 1254 Mustela
308 1221 466 1256 zibellina.

266 1324 329 1361 Ex
357 1321 424 1363 his
452 1334 591 1365 tamen
622 1325 826 1380 quaedam
854 1322 899 1364 in
929 1322 1162 1378 aquilonari
1196 1324 1345 1378 angulo
1370 1323 1559 1373 Sibiriae,
1593 1324 1663 1381 qui
1683 1327 1806 1366 Ame-

134 1393 244 1435 ricae
272 1398 454 1440 maxime
483 1399 644 1441 vicinus
673 1411 746 1451 est,
771 1414 854 1440 non
879 1399 1048 1447 dantum
1079 1409 1124 1439 ut
1146 1399 1316 1455 Vulpes,
1342 1398 1561 1451 Zibelhna,
1587 1400 1706 1450 Alce,
1732 1401 1806 1443 Ca·

220 1558 252 1606 ²³)
280 1565 374 1595 Haec
401 1564 531 1598 ultimo
557 1566 800 1606 confirmavit,
828 1564 1040 1597 animalibus
1062 1574 1081 1596 e
1101 1565 1206 1596 terris
1222 1564 1411 1596 Hudsoniis
1431 1565 1574 1606 adlatis,
1603 1562 1634 1598 C
1641 1566 1684 1598 el.
1712 1564 1762 1599 Fa
1773 1576 1805 1598 r-

280 1628 366 1653 ster
390 1621 505 1656 Actor.
535 1626 648 1665 anglic.
680 1626 754 1659 Vol.
781 1621 906 1657 LXII.
933 1633 965 1665 p.
994 1623 1075 1667 370.
1103 1634 1166 1664 seq.
1199 1627 1236 1654 et
1262 1625 1296 1654 in
1322 1623 1465 1655 libello:
1498 1621 1532 1655 Α
1566 1622 1742 1665 Catalogue
1775 1625 1813 1665 of

281 1679 334 1712 the
356 1679 505 1714 Animals
531 1686 571 1720 of
586 1683 698 1716 North
715 1681 889 1715 -Amerim
916 1682 954 1722 by
982 1678 1021 1713 J.
1051 1679 1164 1713 Reinh.
1184 1681 1319 1716 For-ster.
1338 1680 1468 1715 London
1495 1693 1596 1727 1771.
1619 1682 1703 1716 δυο.
1725 1696 1750 1716 c.
1765 1685 1804 1718 ic.

278 1740 333 1771 Ad
366 1743 524 1783 priorem
550 1746 670 1775 tamen
698 1744 961 1785 expositionem
989 1751 1135 1772 moneo:
1169 1740 1324 1780 Animal,
1357 1741 1453 1783 quod
1487 1752 1552 1784 pro
1585 1741 1698 1774 Marte
1724 1744 1806 1776 abic-

277 1807 340 1831 tum
373 1805 581 1833 recensetur
608 1800 658 1847 (l.
687 1813 711 1834 c.
738 1812 771 1846 p.
800 1798 912 1848 372.)
946 1800 1045 1841 mihi,
1080 1801 1126 1832 ob
1158 1800 1375 1832 brevitatem
1405 1801 1540 1833 caudae
1572 1801 1667 1833 haud
1700 1802 1806 1836 dubie

276 1857 460 1892 Zibellinam
483 1861 616 1902 videri,
644 1864 743 1905 cujus
770 1864 879 1893 etiam
905 1860 1034 1904 pelles,
1063 1862 1171 1900 veris,
1200 1864 1239 1892 ut
1265 1859 1421 1901 videtur,
1449 1861 1623 1893 Martibus
1652 1858 1734 1907 (vel
1756 1863 1806 1894 af-

281 1918 363 1951 finis
390 1923 498 1953 Marti
530 1923 682 1964 speciei)
719 1924 870 1963 mixtas,
917 1919 1196 1953 Tschuctsehica
1228 1930 1312 1962 gens
1345 1929 1391 1951 ex
1424 1923 1591 1963 oppotita
1623 1923 1805 1955 Americes

282 1980 472 2011 Peninsula
498 1984 649 2013 mercari
680 1985 716 2014 et
750 1984 869 2013 Rossis
903 1980 1043 2012 adferre
1077 1980 1180 2012 solet.
1222 1982 1332 2011 Porro
1353 1978 1507 2020 Sciurum,
1528 1979 1711 2014 Forstero
1739 1993 1805 2024 pro

284 2041 461 2071 varietate
487 2043 658 2083 europaei
685 2040 900 2081 exhibitum,
941 2037 1037 2086 (ihm.
1068 2050 1102 2083 p.
1131 2039 1236 2085 378.)
1270 2050 1340 2071 non
1372 2049 1450 2071 esse
1490 2040 1694 2081 vulgarem,
1742 2041 1804 2073 sed

283 2097 490 2130 distinctam
524 2103 698 2142 speciem;
732 2100 829 2143 quod
861 2102 969 2132 etiam
1007 2100 1051 2131 de
1085 2099 1243 2130 Muribus
1282 2100 1489 2130 americanis
1517 2098 1648 2130 ibidem
1683 2111 1805 2132 recen-

282 2159 359 2189 sitis
387 2160 558 2201 suspicor.
625 2159 749 2192 Sciurus
782 2163 902 2191 autem
935 2161 1050 2191 volans
1082 2159 1187 2201 major
1213 2154 1256 2203 (l.
1284 2169 1310 2189 c.
1341 2166 1371 2200 p.
1407 2157 1512 2203 379.)
1548 2161 1692 2191 omnino
1725 2170 1804 2202 spe-

285 2219 358 2249 cies
385 2220 422 2248 et
447 2227 467 2248 a
494 2219 641 2250 sibirico
669 2222 705 2249 et
731 2228 751 2249 a
777 2220 975 2260 virginiano
1003 2218 1125 2248 Sciuro
1152 2217 1308 2249 volatica
1336 2217 1434 2260 pelle
1455 2220 1651 2259 instructo,
1680 2219 1804 2251 distin-

279 2278 441 2309 ctissima
468 2277 623 2318 videtur,
657 2287 763 2319 quam
796 2279 831 2308 in
857 2276 1069 2308 illustrando
1102 2278 1306 2309 sciurorum
1350 2280 1628 2319 petauristarum
1668 2280 1804 2320 species

279 2333 402 2382 (ΝΜ).
424 2335 513 2379 Spec.
547 2338 774 2380 quadrupedum
806 2347 820 2368 ε
845 2330 982 2369 Glirium
1013 2337 1127 2380 ordine,
1157 2347 1191 2381 p.
1219 2336 1301 2383 349.
1331 2338 1412 2383 seq.)
1440 2342 1611 2381 tanquam
1638 2341 1803 2381 quartam

279 2395 386 2441 hujus
411 2395 568 2429 familiae
601 2397 767 2444 adlegare
793 2397 1033 2440 neglexeram.

1406 2483 1429 2506 2
