2196 2927
413 185 500 236 464
1172 192 1316 217 Ξ

628 290 865 347 Muscicapa
894 292 1031 347 nigra,
1060 292 1238 333 Brisson.
1268 305 1352 332 orn.
1382 292 1436 332 ΙΙ.
1466 308 1505 349 p.
1538 298 1629 335 381.
1659 293 1775 335 Zool.
1806 296 1896 337 brit.
1927 312 1966 352 p.
1997 302 2082 338 103.

681 383 742 423 sp.
780 376 838 417 14.
868 368 952 408 tab.
982 369 1062 409 82.
1083 369 1166 423 sig.
1203 386 1234 411 1,

626 444 814 483 Rubetra
845 443 1079 498 anglicana,
1109 445 1288 484 Brisson.
1318 444 1461 484 ornith.
1492 444 1567 484 ΠΙ.
1611 460 1650 500 p.
1682 451 1776 495 436.
1817 460 1878 501 sp.
1911 461 1974 500 27.
2011 449 2083 499 (ex

675 518 798 559 icone
830 518 1153 572 Edwardsiana).

622 593 842 634 Motacilla
871 592 1128 649 hypoleuca‚
1158 595 1293 635 Catal.
1329 595 1474 649 Vroeg.
1505 594 1688 636 adumbr.
1721 611 1758 635 η.
1796 601 1882 636 156.

622 667 836 710 Motacilla
867 668 1119 724 atricapilla,
1150 672 1238 709 Lin.
1269 671 1398 710 Faun.
1428 686 1487 710 su.
1519 672 1572 710 Π.
1603 687 1640 711 n.
1679 677 1769 712 256.
1815 671 1898 712 tab.
1935 688 1968 712 1.
2000 672 2084 727 (fig.

680 745 823 795 bona).
865 744 1049 799 Jacquin.
1081 760 1142 784 αυ.
1181 761 1219 799 ρ.
1250 753 1316 794 41.
1348 745 1430 784 tab.
1467 763 1525 796 19·

623 818 863 873 Muscicapa
894 818 1145 874 atricapilla,
1177 821 1264 859 Lin.
1294 830 1397 873 ςγδι.
1426 821 1521 859 ΧΠ.
1551 821 1584 858 Ι.
1614 836 1652 874 p.
1684 827 1775 861 326.
1805 837 1864 878 sp.
1896 839 1934 873 9.

623 892 922 935 Gobemouche
953 895 1004 934 de
1034 893 1252 941 Lorraine,
1281 894 1510 934 D'Aubent.
1541 898 1637 949 pict.
1669 897 1750 935 tab.
1775 904 1866 937 565.
1886 900 1969 952 fig.
1992 915 2026 938 2.
2045 905 2082 939 3.

543 971 589 1008 In
619 968 818 1009 betuletis
847 980 889 1009 et
919 969 1092 1009 arbustis
1121 969 1230 1009 inter
1261 971 1433 1011 Camam
1471 980 1513 1009 et
1554 971 1763 1009 Samaram
1804 972 1843 1011 fl.
1888 971 2085 1012 rariuscu-

401 1047 494 1086 *lam
521 1043 739 1085 observavi
767 1047 880 1094 Maio
917 1052 1028 1097 1773.
1059 1044 1325 1099 migrantem,
1365 1044 1465 1084 alias
1493 1060 1704 1100 nunquam
1732 1045 1776 1085 in
1806 1046 1951 1086 Rossia
1980 1047 2085 1087 Sibi-

408 1120 550 1175 riaque
581 1118 725 1159 visam.
784 1121 944 1160 Eodem
967 1131 1153 1176 ternpore
1177 1121 1281 1161 solet
1298 1136 1371 1176 per
1390 1121 1581 1177 Belgium
1598 1121 1795 1175 migrare,
1827 1121 1899 1161 ubi
1921 1133 2085 1177 propte-

404 1211 472 1236 rea
513 1195 598 1235 avis
620 1195 780 1248 majalis
811 1198 1139 1253 <Bffey·vogelttje)
1164 1197 1396 1250 appellatur
1411 1208 1451 1236 et
1464 1195 1719 1251 frequentius
1750 1196 1929 1252 capitur,
1960 1212 2085 1251 quam

408 1271 476 1311 vel
506 1270 549 1310 in
579 1270 755 1325 Anglia,
784 1270 851 1310 vel
883 1271 1118 1311 Germania.
1176 1272 1355 1311 Videtur
1382 1271 1426 1311 in
1456 1271 1692 1312 borealibus
1722 1270 1842 1310 nidos
1873 1286 2082 1325 quaerere.

539 1346 678 1386 Nota
713 1363 745 1385 1.
803 1346 998 1400 Remiges
1028 1345 1302 1400 rectricesque
1333 1346 1498 1401 corpori
1522 1345 1737 1401 propiores
1761 1357 1879 1385 extus
1900 1357 1942 1385 et
1965 1346 2082 1401 apice

409 1421 548 1468 albae3
587 1420 781 1461 rectrices
809 1420 1002 1475 utrinque
1034 1428 1067 1461 3.
1099 1420 1305 1460 exteriore
1336 1422 1521 1475 margine
1551 1436 1688 1460 versus
1718 1419 1849 1459 basin.

536 1497 670 1536 Nota
702 1514 738 1536 2.
796 1499 1101 1536 Brissonius
1130 1496 1311 1536 secundo
1352 1511 1585 1551 synonymo
1632 1495 1863 1551 duplicavit
1899 1495 2082 1551 speciem

404 1586 457 1611 ex
487 1571 609 1611 icone
639 1571 933 1611 Edwardsiana
962 1582 1004 1611 et
1031 1573 1225 1612 Kleinii
1254 1571 1448 1612 Luscinia
1479 1571 1554 1611 alis
1584 1570 1805 1626 variegatis
1839 1575 1921 1624 (αυ.
1954 1588 1992 1627 p.
2016 1578 2080 1623 75.

403 1663 441 1685 n.
478 1652 557 1700 12.)
601 1648 859 1688 Linnaeus
902 1646 1145 1688 Ficedulam
1186 1646 1353 1686 tertiam
1402 1646 1731 1704 Willughbeji
1771 1661 1988 1703 perperam
2031 1647 2080 1685 ad

398 1722 632 1762 ‘Rubetram
660 1721 819 1761 citavit.

706 1804 829 1843 105.
921 1801 969 1843 Β]
999 1801 1041 1843 U
1070 1801 1097 1842 S
1127 1799 1165 1843 C
1196 1801 1213 1842 Ι
1243 1798 1282 1842 C
1312 1801 1350 1842 A
1381 1801 1415 1841 Ρ
1445 1802 1481 1842 A
1562 1799 1783 1843 Eridea.

539 1873 598 1910 M.
634 1869 727 1909 albo
758 1870 957 1924 nigroque
987 1870 1123 1916 varia,
1153 1871 1288 1909 fronte
1319 1870 1429 1918 alba,
1462 1869 1588 1909 fascia
1617 1871 1750 1909 rubra.

621 1945 836 2000 Stoparola
866 1944 992 1984 fascia
1021 1944 1189 1984 frontali
1220 1945 1358 1992 rubra,
1393 1946 1561 1984 Gmelin.
1600 1945 1683 1985 obs.
1713 1960 1797 1984 orn.
1827 1945 1915 1984 MS.

539 2022 602 2060 Ex
633 2021 712 2059 fide
743 2020 966 2060 Gmelini
995 2035 1074 2059 sen.
1106 2019 1213 2058 addo
1245 2017 1470 2067 aviculam,
1509 2018 1617 2059 mihi
1646 2034 1730 2059 non
1759 2019 1909 2068 visam,
1954 2035 2077 2075 quani

402 2093 436 2134 is
466 2094 574 2136 circa
603 2094 806 2136 Jeniseisk
835 2094 1073 2135 observavit
1102 2096 1175 2134 sub
1217 2095 1341 2134 finem
1384 2093 1639 2150 Septembris
1675 2101 1788 2149 1736.
1818 2106 1859 2134 et
1889 2094 2076 2150 sequenti

402 2171 526 2211 modo
557 2170 791 2226 descripsit:

535 2247 706 2287 Descr.
764 2248 990 2296 „Rostrum
1014 2244 1247 2301 nigricans,
1278 2246 1329 2286 ad
1357 2246 1506 2293 latera,
1535 2245 1790 2300 interiusque
1820 2246 1986 2290 flavens,
2015 2256 2073 2282 se·

401 2321 647 2368 „munciale
677 2322 782 2372 fere,
813 2321 902 2363 basi
931 2322 1074 2362 latum.
1132 2321 1273 2362 Rostri
1301 2323 1417 2362 basin
1447 2320 1579 2375 cingit
1594 2323 1733 2373 fascia
1764 2319 1922 2365 albida,
1952 2334 1973 2357 a
1995 2332 2073 2371 qua

401 2395 634 2450 ‚Lutrinque
665 2398 810 2438 ductus
841 2396 1023 2438 excurrit
1051 2412 1190 2438 versus
1220 2398 1382 2444 oculos,
1427 2395 1717 2452 superciliaris.
1784 2393 1894 2433 Huic
1922 2391 2071 2431 fasciae
