2196 2927
893 210 1035 236 ——-....—
1717 218 1793 256 131

138 311 293 351 caudae
324 316 382 352 3⁰.
411 310 566 351 caudae
594 310 683 352 sine
723 310 812 366 pilo
843 313 899 350 2⁰.
930 313 999 359 4¹¹.
1042 309 1190 365 capitis
1239 318 1290 353 1'‘.
1333 312 1453 354 rostri
1494 313 1601 354 ultra
1642 329 1687 355 os
1727 322 1797 366 4¹.

136 385 389 426 Intermedia
440 385 596 441 species
645 385 755 425 inter
802 386 842 424 S.
891 384 1152 424 moschatum
1200 397 1242 425 et
1292 401 1542 442 congeneres
1599 390 1798 446 reliquas;

137 474 231 500 cum
266 459 332 500 his
369 460 565 501 convenit
602 458 808 499 dentibus.
879 459 1024 498 cauda
1064 461 1204 499 subtus
1242 459 1351 500 linea
1393 463 1572 517 pilorum
1614 466 1800 507 alborum

134 534 480 588 prominentiore,
525 548 627 588 quae
668 532 871 588 penicillo
914 533 1170 574 terminatur.
1242 536 1364 575 Color
1403 538 1569 578 velleris
1610 539 1800 595 pulcher-

134 608 231 649 rimi
259 625 377 664 supra
404 608 537 648 nitide
569 607 806 655 aterrimus,
849 619 994 648 exacte
1025 608 1285 658 dimidiatus,
1330 609 1389 649 ita
1416 622 1461 650 ut
1489 613 1608 652 rostri
1636 629 1799 669 quoque

134 683 237 723 latus
266 683 464 732 inferum,
495 683 554 722 uti
581 694 667 723 tota
691 697 818 737 prona
841 683 1024 738 corporis
1048 683 1192 735 facies,
1224 684 1277 724 sit
1298 699 1320 724 e
1344 699 1448 726 cano
1472 686 1624 736 albidi,
1653 688 1797 738 lucidi,

133 769 326 812 certoque
358 759 408 797 ad
437 758 573 797 lucem
603 757 683 797 situ
714 758 916 811 argentati
944 759 1117 806 coloris;
1148 759 1306 814 postica
1334 771 1450 815 parte
1479 761 1661 816 corporis
1703 762 1803 802 emi-

130 844 229 871 nent
270 832 348 887 pili
388 831 608 886 longiores.
679 833 848 873 Plantae
891 848 966 888 pro
1008 834 1246 883 natatione,
1304 846 1349 874 ut
1391 835 1436 874 in
1478 838 1518 875 S,
1561 835 1799 886 moscham,

131 917 304 961 utroque
334 906 519 962 margine
550 908 652 947 serie
683 908 808 947 densa
843 907 1024 962 pilorum
1065 908 1293 963 rigidorum
1334 911 1643 951 canescentium
1684 911 1798 951 cilia-

128 991 208 1021 tae.
283 982 404 1022 Oculi
447 981 637 1031 minimi,
692 993 738 1022 ut
784 984 1082 1037 congeneribus
1135 984 1324 1026 omnibus
1345 1002 1354 1034 3
1410 990 1614 1028 auriculae
1668 997 1800 1027 exter-

129 1069 206 1095 nae
235 1056 386 1097 nullae.

516 1179 602 1232 54.
694 1177 997 1221 SOREX
1064 1191 1415 1221 araneus.

262 1287 303 1327 S.
333 1286 601 1336 auriculatus,
632 1289 761 1328 cauda
789 1289 1053 1336 nudiuscula,
1082 1289 1268 1330 obsolete
1296 1301 1523 1344 tetragona.

344 1363 473 1403 Sorex
515 1367 721 1411 Arzmeus,
762 1366 849 1404 Lin.
891 1374 993 1419 syst.
1036 1366 1130 1403 XII.
1169 1366 1201 1403 I.
1243 1381 1282 1419 p.
1313 1374 1378 1417 74.
1419 1381 1479 1420 sp.
1513 1373 1549 1408 5.
1598 1365 1798 1408 Schreber.

397 1441 604 1477 mammal.
634 1440 708 1477 III.
738 1455 776 1493 p.
808 1447 898 1491 573.
930 1440 1012 1479 tab.
1049 1445 1135 1479 160.

343 1525 627 1572 Musaraneus,
659 1526 836 1564 Brisson.
867 1525 1009 1579 quadr.
1041 1540 1079 1578 p.
1115 1530 1200 1563 126.
1231 1539 1290 1578 sp.
1327 1542 1358 1563 1.

345 1607 628 1661 Mumwigne,
657 1609 819 1660 Busfon.
849 1610 940 1648 hist.
971 1618 1052 1647 nat.
1084 1609 1195 1647 VIII.
1227 1623 1265 1662 p.
1296 1615 1360 1661 57.
1391 1609 1474 1648 tab.
1512 1624 1569 1648 10.
1589 1610 1673 1664 fig.
1710 1629 1743 1651 ι.

345 1692 467 1731 Fetid
498 1691 648 1740 Shreu,
679 1693 870 1732 Pennant.
899 1693 1014 1733 Zool.
1045 1692 1134 1732 bric.
1167 1696 1275 1744 (irco)
1303 1695 1335 1732 I.
1367 1708 1407 1747 p.
1444 1710 1529 1733 110.
1559 1710 1597 1734 η.
1634 1712 1666 1733 r.
1694 1696 1793 1749 Syn.

398 1767 541 1822 quadr.
571 1783 666 1822 pag.
696 1776 788 1819 479.
818 1782 855 1806 n.
888 1772 978 1816 341.

238 1840 377 1881 Rossis
405 1842 561 1881 Kutdra
591 1842 657 1881 vel
686 1843 907 1889 Putoraka,
936 1842 1109 1882 Puteroi.

238 1926 470 1967 Calmuccis
498 1929 833 1983 Mor-incholgona
863 1931 975 1980 (Mus
1005 1927 1212 1982 equinus).

266 2015 343 2051 Per
371 2027 537 2053 omnem
566 2013 755 2053 Rossiam
785 2024 826 2053 et
855 2013 1050 2053 Sibiriam
1080 2014 1290 2067 frequens,
1335 2012 1386 2051 ad
1427 2025 1555 2066 usque
1589 2027 1700 2053 mare
1730 2015 1810 2068 gla-

133 2085 238 2125 ciale
270 2086 357 2138 (ubi
387 2087 430 2125 in
458 2087 677 2142 paludibus
707 2088 829 2128 solito
860 2088 1012 2137 minor,
1057 2087 1268 2141 magisque
1310 2086 1565 2137 rufescens),
1611 2087 1806 2142 Caspium

132 2172 173 2199 et
202 2160 446 2199 orientalem
491 2176 704 2201 oceanum.
763 2162 1019 2201 Subhumida
1047 2162 1138 2201 loca
1167 2162 1420 2214 frequentat,
1458 2161 1647 2214 frequens
1677 2164 1803 2203 etiam

132 2235 176 2275 in
207 2234 397 2274 domibus
426 2235 575 2288 ligneis
605 2235 869 2282 rusticorum,
911 2236 995 2275 imo
1037 2234 1082 2274 in
1126 2234 1290 2274 urbanis
1332 2235 1524 2276 occurrit.
1595 2237 1800 2291 Sanguine

133 2314 218 2362 effus
249 2311 400 2349 adtrito
429 2309 549 2349 Rossi
578 2325 705 2364 aeque
737 2326 782 2351 ac
810 2312 1020 2351 Nomades
1058 2311 1231 2351 credunt
1273 2326 1460 2351 verrucas
1503 2311 1625 2366 pelli,
1669 2323 1712 2351 et
1738 2323 1797 2352 to—

134 2397 220 2426 tum
263 2385 417 2426 animal
466 2385 688 2427 contritum
743 2387 919 2442 gangliis
969 2397 1010 2427 et
1062 2386 1236 2442 pedibus
1291 2386 1523 2442 imponunt.
1595 2387 1796 2428 Putrescit

1360 2467 1382 2489 ᾖ
