2196 2927
879 194 1021 218 =
1699 199 1785 241 547

114 289 218 332 biria
248 292 483 334 candidior:
516 295 588 334 secl
618 292 923 349 hypochondria
952 304 995 332 et
1023 292 1289 335 subcaudales
1319 296 1504 350 (praeter
1532 295 1695 352 apicem
1727 298 1782 337 al-

110 366 164 406 bo
208 369 479 421 maculatum)
521 369 565 408 in
608 374 759 409 ross-ica
803 382 877 407 ave
922 366 1084 407 intense
1127 368 1384 422 ferruginea,
1430 370 1473 410 in
1504 372 1675 412 Sibirica
1705 371 1778 412 vix

108 455 267 480 summa
294 443 465 498 crepido
508 442 923 498 hypochondriorum
964 441 1274 495 ferruginescit,
1318 449 1485 485 crissum
1512 446 1777 500 ferrugineo-

109 516 377 570 variegatum.
445 519 612 558 Caudae
642 517 835 557 rectrices
867 534 902 556 2.
934 516 1096 556 mediae
1127 517 1247 555 dorso
1277 519 1539 567 concolores3
1585 521 1776 561 laterales

107 588 273 642 nigrae,
333 591 450 646 apice
479 593 668 631 cinereae
686 623 693 637 ‚
751 590 932 630 extimae
961 590 1154 645 utrinque
1187 607 1223 631 Ω.
1256 592 1322 631 vel
1353 598 1390 632 3.
1421 593 1546 633 fascia
1575 595 1744 650 obliqua
1762 627 1774 645 ‚

107 665 276 717 angulos
305 667 460 705 caudae
499 665 615 721 quasi
646 676 823 704 secante.
899 665 1087 719 Remiges
1123 672 1181 705 18.
1213 666 1376 713 fuscae,
1421 678 1538 707 extus
1575 670 1776 710 coerules-

103 749 263 787 centes,
297 739 477 779 extimae
507 739 679 779 interius
708 739 817 785 basi,
848 755 941 779 cum
961 739 1224 789 tectricibus,
1257 741 1387 780 albae.
1444 743 1571 782 Pedes·
1595 743 1773 792 robusti,

103 811 267 852 sordide
298 815 586 861 flavescentes,
618 815 816 868 unguibus
846 814 989 861 fuscis;
1020 816 1186 868 Digitus
1215 815 1400 855 exterior
1429 816 1577 856 arctius
1606 818 1777 857 adnatus

103 885 259 927 medio.
317 890 483 929 Plumae
512 890 630 928 laxae
654 922 661 935 ,
690 903 829 937 rarae,
873 900 919 929 ut
947 889 991 929 in
1020 890 1146 930 Paris.
1207 891 1369 930 Pondus
1397 891 1441 931 in
1470 891 1622 932 rossica
1651 893 1703 932 ad
1734 894 1776 933 6ί

100 960 284 1001 drachm.
316 962 359 1002 in
391 963 567 1003 Sibil-ica
596 963 702 1003 infra
733 972 753 1004 5
783 966 842 1003 dr.
916 965 1106 1005 Priorum
1138 981 1326 1005 mensura
1357 967 1408 1006 ad
1436 966 1684 1021 uropygium
1716 968 1775 1008 5⁰.

107 1038 198 1074 10⁰2
230 1038 383 1077 caudae
421 1039 473 1078 1‘'.
506 1043 573 1090 9²⁷.
607 1038 727 1078 rostri
758 1041 828 1079 8‘''.
896 1040 1067 1079 Alarum
1105 1041 1225 1080 ulnae
1258 1042 1315 1080 3.
1347 1044 1415 1081 3‘''.
1435 1066 1484 1070 —
1504 1042 1642 1096 Hepar
1670 1040 1776 1081 bilo-

102 1111 221 1159 bum,
253 1113 414 1166 cystide
445 1115 571 1154 nulla.
633 1116 882 1154 Ventriculus
913 1116 1099 1155 avellana
1122 1119 1269 1169 major,
1303 1115 1630 1162 carnosissimus‚
1661 1115 1778 1156 intus·

100 1187 340 1226 membrana
397 1188 577 1238 callosa,
623 1190 695 1229 sed
724 1188 857 1236 laevi,
903 1189 1068 1244 lapillos
1097 1201 1236 1230 tamen
1267 1201 1478 1245 appetens.
1536 1193 1774 1231 Intestinum

100 1266 124 1300 8
153 1260 245 1314 plus
274 1260 408 1301 minus
436 1263 658 1316 pellicium
688 1273 838 1303 rectum
869 1264 1111 1317 ampliatum
1142 1267 1341 1305 8'‘'.coeco
1370 1265 1564 1320 utrinque
1595 1264 1772 1318 exiguo,

100 1334 171 1374 vix
214 1350 385 1389 granum
427 1336 536 1375 milii
578 1348 780 1391 aequante
810 1337 1001 1377 auritum.
1076 1341 1123 1376 In
1154 1339 1392 1393 deplumata
1434 1353 1508 1378 ave
1539 1339 1773 1379 membrana

98 1409 292 1464 utrinque
323 1411 372 1449 ab
402 1410 583 1450 humeris
627 1413 678 1451 ad
708 1412 891 1451 medium
934 1413 1017 1451 fere
1048 1413 1204 1451 collum
1246 1424 1374 1452 tensa.
1448 1414 1574 1453 Crura
1606 1427 1771 1468 quoque

99 1487 208 1537 plica
238 1496 404 1525 cutacea
434 1486 642 1533 fraenata3
701 1487 811 1541 quod
841 1497 882 1525 et
910 1485 953 1525 in
984 1488 1116 1526 Loxia
1152 1488 1393 1529 Curvirostri
1421 1489 1609 1529 observo.
1683 1488 1774 1530 Fol-

97 1562 243 1600 liculus
271 1561 466 1600 sebaceus
493 1560 688 1616 uropygii
717 1560 914 1614 insig11i8‚
947 1560 1153 1615 didymus.

645 1691 845 1739 XXIII.
921 1690 957 1739 P
1000 1691 1043 1739 A
1088 1691 1126 1739 R
1169 1692 1200 1739 I.

236 1773 463 1814 Character
504 1773 695 1813 omnibus
738 1775 854 1813 Paris
895 1773 1110 1828 proprius,
1156 1772 1322 1813 habitus
1352 1785 1395 1814 et
1422 1789 1555 1815 mores
1597 1775 1769 1817 omnino

97 1848 358 1889 conveniunt
388 1848 479 1897 avi,
511 1849 697 1888 omnium
726 1846 956 1888 borealium
986 1846 1110 1886 facile
1141 1847 1494 1902 speciosissimae,
1542 1865 1664 1904 quam
1695 1851 1769 1890 Or·

97 1922 308 1975 nithologi
340 1922 551 1976 hucusque
580 1937 654 1976 per
684 1921 795 1960 varia
825 1936 975 1974 genera
1004 1921 1270 1974 jactitarunt,
1313 1938 1500 1976 quaeque
1543 1923 1766 1978 Antiquio-

100 1999 211 2038 ribus
254 1996 417 2036 Garruli
457 1995 672 2036 bohemici
713 1994 881 2034 nomine
922 2006 1019 2034 nota
1062 1995 1154 2036 fuit.
1234 1996 1526 2051 Magnitudine
1570 1996 1767 2051 equidem

98 2072 256 2128 species
287 2071 464 2125 rellquas
493 2086 635 2111 omnes
666 2080 851 2125 superat,
896 2068 1191 2119 nihilosecius,
1239 2069 1487 2110 examinatis
1518 2070 1765 2111 characteri-

98 2149 194 2196 bus,
242 2161 360 2201 spero
403 2145 710 2186 consentientes
741 2159 805 2184 me
850 2143 1086 2184 habiturum
1129 2156 1313 2199 posteros
1354 2144 1681 2201 Ornithologos,
1720 2157 1767 2186 ut

97 2222 198 2263 huic
229 2221 295 2260 avi
324 2222 491 2260 tandem
521 2221 636 2259 sedes
658 2219 700 2259 in
726 2234 874 2273 genere
903 2222 1096 2259 Parorum
1125 2220 1348 2275 tranquilla
1378 2232 1554 2260 maneat.
1614 2223 1763 2261 Forma

98 2301 215 2337 rostri
245 2296 489 2351 ped-amque,
528 2306 669 2335 natura
698 2298 944 2351 plantaginis
973 2309 1083 2333 rarae
1114 2306 1155 2334 et
1185 2296 1390 2335 coloratae
1408 2329 1418 2341 ,
1463 2299 1762 2351 proportiones,

99 2388 179 2412 vox
210 2373 262 2411 ad
291 2382 456 2412 cantum
486 2371 652 2427 inepta,
682 2375 767 2411 vita
795 2369 999 2424 hyemalis
1028 2370 1072 2410 in
1102 2370 1358 2420 borealibus,
1390 2375 1519 2412 victus
1547 2385 1569 2410 e
1602 2380 1763 2425 vegeta-

1305 2451 1322 2470 ⁵}
