2196 2927
407 233 494 274 510
1156 227 1299 252 ξ

543 333 591 372 In
621 330 839 386 regionum
866 330 973 370 ultra
1002 327 1213 371 Baicalem
1254 326 1389 368 lacum
1430 326 1602 369 sitarum
1632 326 1804 369 arbustis
1831 339 1874 369 et
1902 330 2079 372 nemori-

408 410 482 449 bus
510 423 593 448 non
624 407 889 460 infrequens,
928 417 1051 446 cantu
1079 403 1197 445 brevi
1228 405 1299 444 sed
1329 403 1647 451 amoenissimo,
1676 405 1922 460 praesertim
1952 417 2080 445 matu-

408 483 498 523 tino
528 494 567 523 et
598 484 648 522 ab
677 495 824 522 occasu
854 480 951 520 solis
981 482 1031 521 ad
1061 480 1243 520 mediam
1273 490 1441 520 noctem
1482 494 1524 519 se
1553 481 1861 520 commendans.
1933 483 2080 520 Forma

408 557 556 607 rostri,
600 556 833 605 coloribus,
880 555 1027 596 habitu
1056 554 1240 611 corporis
1269 567 1311 595 et
1340 556 1470 595 cauda
1500 554 1747 595 cuneiformi
1778 555 1959 609 aliquam
1987 570 2081 595 cum

407 632 581 675 Certhia
624 630 818 672 familiari
860 630 1182 671 similitudinem
1224 629 1448 685 exprimit,
1492 631 1564 670 sed
1607 629 1790 670 moribus
1834 629 2008 670 diversis
2039 641 2079 670 et

406 707 646 749 charactere
690 705 918 746 Motacillis
961 705 1222 745 assimilatur.
1278 706 1460 760 Sagittae
1502 705 1631 746 instar
1672 705 1785 744 volat
1824 716 1866 744 et
1902 705 1947 744 in
1977 705 2080 745 locis

407 781 668 837 salsuginosis
700 780 817 820 humi
846 780 950 834 legit
995 781 1153 820 semina
1180 792 1222 820 et
1252 780 1493 835 praesertim
1537 782 1727 822 Carabos.
1797 781 1929 820 Nidus
1958 793 2081 835 saepe

406 856 551 904 humi,
583 858 634 896 ad
664 856 826 896 arbores
857 856 916 904 ΔΚ.
949 855 1177 905 diametro,
1210 870 1231 895 e
1262 854 1431 910 copioso
1462 855 1610 903 foeno,
1642 854 1834 909 foliisque
1858 854 2079 895 herbarum

407 933 533 972 dense
563 941 807 978 contextus,
849 930 963 985 pelvi
992 931 1218 985 profunda,
1263 929 1531 970 Bonasiarum
1569 928 1744 983 aliisque
1772 929 1951 984 plumis,
1991 941 2081 970 tum

406 1007 505 1061 pilis
548 1005 737 1046 vitulinis
780 1017 821 1045 et
866 1005 959 1045 lana
997 1005 1126 1046 ovilla
1155 1016 1314 1046 stratus
1385 1006 1519 1045 Ovula
1549 1014 1587 1055 4.
1620 1005 1816 1060 plurave,
1859 1004 2082 1053 albissima,

405 1083 592 1136 pondere
624 1098 669 1120 ρο
689 1106 702 1111 -
719 1088 779 1122 25.
810 1095 1039 1135 granorum.

543 1157 717 1197 Descr.
786 1158 1031 1210 Magnitudo
1075 1156 1297 1213 Spipolae,
1342 1159 1413 1198 sed
1454 1156 1580 1198 facies
1609 1154 1747 1211 potius
1777 1156 2079 1212 praecedentis.

405 1232 594 1272 Rostrum
623 1233 936 1281 subarcuatum,
970 1233 1154 1280 fuscum,
1186 1234 1237 1272 ad
1268 1232 1429 1287 apicem
1460 1244 1599 1272 tamen
1630 1231 1822 1286 utrinque
1853 1231 2081 1286 emargina-

404 1317 520 1354 tum3
563 1306 735 1345 maxilla
778 1306 974 1346 inferiore
1018 1308 1172 1347 albida.
1243 1309 1321 1347 Pili
1349 1306 1610 1347 subtilissimi
1640 1322 1758 1361 supra
1786 1305 1867 1346 oris
1898 1307 2080 1361 angulos·

402 1380 464 1421 Os
491 1379 600 1420 intus
621 1380 778 1434 pallide
807 1382 970 1421 flavum.
1029 1384 1189 1436 Lingua
1217 1381 1343 1422 bifida
1372 1381 1520 1422 lacera.
1581 1382 1728 1421 Vertex
1750 1380 1976 1435 nigricans,
2006 1380 2080 1421 vix

403 1455 486 1495 oris
515 1456 748 1510 plumarum
788 1455 968 1511 pallidis.
1038 1458 1261 1512 Supercilia
1301 1456 1472 1512 pallida.
1543 1457 1623 1497 Pili
1664 1456 1823 1512 aliquot
1864 1455 2080 1496 tenerrimi

405 1541 523 1570 extra
552 1531 712 1585 plumas
742 1530 904 1572 nuchae
933 1531 1196 1586 prominent,
1241 1543 1286 1572 ut
1328 1531 1373 1571 in
1416 1535 1475 1572 Μ.
1506 1532 1741 1588 campestri.
1812 1534 1961 1572 Cervix
1990 1532 2080 1572 dor-

405 1620 570 1661 sumque
601 1619 773 1661 grysea,
805 1606 940 1647 lituris
971 1606 1297 1661 nigricantibus‚
1329 1618 1375 1647 ut
1402 1606 1447 1647 in
1478 1607 1680 1648 affinibus.
1738 1609 1844 1650 Gula
1874 1618 1915 1646 et
1943 1616 2080 1662 pectus

404 1680 523 1728 alba;
562 1684 750 1737 jugulum
792 1683 996 1738 pallidum
1034 1683 1197 1737 punctis
1228 1682 1542 1723 obsoletissimis
1572 1682 1762 1724 cinereis.
1833 1684 2078 1737 Hypochon-

402 1756 494 1795 dria
524 1757 653 1810 magis
682 1772 840 1812 grysea.
902 1760 1161 1813 Uropygium
1190 1758 1420 1807 lutescens‚
1462 1758 1798 1806 immaculatum,
1846 1758 1950 1798 item
1989 1757 2078 1798 sub-

404 1830 597 1869 candales
627 1831 745 1884 apice
776 1833 918 1878 albae3
950 1843 991 1870 at
1020 1832 1214 1871 tectrices
1244 1834 1398 1872 caudae
1428 1832 1562 1872 lituris
1585 1833 1711 1887 nigris
1735 1843 1914 1873 notatae.
1971 1832 2077 1872 Alae

404 1903 683 1957 nigricantes,
725 1905 873 1960 pennis
916 1904 1101 1959 margine
1131 1919 1182 1944 ex
1213 1905 1575 1961 albido-gryseis,
1629 1908 1768 1947 subtus
1812 1906 1900 1947 basi
1944 1907 2076 1946 albae.

403 1978 550 2018 Gauda
580 1981 820 2029 rotundata,
852 1981 938 2020 fere
969 1979 1257 2030 cuneiformi8‚
1289 1981 1436 2035 pennis
1467 1981 1580 2031 latis,
1613 1982 1753 2022 medio
1784 1999 1820 2022 2.
1851 1981 1987 2031 fuscis,
2018 1985 2077 2022 la·

401 2054 595 2094 teralabus
636 2054 910 2109 nigrioribus,
952 2066 1042 2095 toto
1083 2055 1201 2110 apice
1245 2056 1362 2096 albis.
1432 2057 1557 2097 Pedes
1599 2059 2075 2106 corneo-flavescentes,

402 2143 534 2182 ungue
562 2128 724 2185 postico
756 2130 1039 2186 longiusculo,
1083 2131 1155 2170 sed
1184 2131 1348 2171 falcato.
1406 2132 1569 2172 Pondus
1597 2132 1807 2173 semuncia
1838 2135 1991 2187 majus,
2024 2132 2076 2171 ad

403 2210 446 2249 ὀὶ
475 2203 659 2244 drachm.
689 2220 831 2259 usque.
890 2208 1080 2247 Mensura
1110 2208 1162 2247 ad
1190 2220 1305 2262 urop.
1337 2208 1394 2248 3‘'.
1419 2207 1488 2258 9'''.
1513 2209 1667 2247 caudae
1700 2213 1756 2248 2⁰.
1779 2206 1948 2248 extimis
1977 2221 2073 2262 pen-

402 2277 466 2317 nis
504 2283 554 2319 1‘'.
586 2282 655 2321 5‘'.
688 2281 843 2321 alarum
874 2296 1148 2337 expansarum
1186 2284 1246 2335 7⁹.
1278 2283 1346 2333 9'“.
1377 2283 1499 2322 ulnae
1531 2284 1587 2322 2'‘.
1619 2285 1688 2324 5“‘.
1730 2282 1850 2324 rostri
1886 2284 1938 2323 ad
1966 2283 2071 2321 fron-

403 2361 487 2392 tem
503 2356 571 2395 5'‘'.
594 2357 645 2396 ad
662 2356 847 2396 fraenum
863 2358 930 2397 8”’.
955 2357 1152 2397 tibiarum
1174 2357 1264 2399 10'''.
1326 2357 1464 2414 Digiti
1487 2357 1616 2402 antici
1631 2358 1761 2401 medii
1784 2362 1839 2413 (c.
1855 2372 1948 2412 ung.
1966 2355 2071 2408 εἷ’.)

403 2426 488 2477 9ὲ”’.
517 2430 669 2482 postici
700 2437 815 2485 (cum
843 2447 977 2488 ungue
1009 2434 1115 2488 δέω.)
1146 2434 1213 2475 6’”.
