2196 2927
355 188 416 227 40
1116 186 1260 211 Ξ

359 286 627 344 piosissimus.
697 289 827 325 Datur
855 284 982 325 etiam
1010 287 1061 326 ad
1090 285 1293 326 orientem
1332 284 1454 326 maris
1485 285 1648 342 Caspii,
1678 287 1751 327 sed
1781 298 1894 328 extra
1924 289 2024 329 fines

359 362 529 417 Imperii
558 360 730 409 Rossici,
761 360 871 400 circa
901 360 1049 402 Chiwa
1078 373 1121 401 et
1149 363 1200 402 ad
1229 376 1396 402 omnem
1425 363 1666 416 Syr-darja,
1697 374 1743 402 ut
1770 374 1814 402 et
1840 363 1950 403 eirca
1965 378 2024 403 re-

358 436 492 491 liquos
519 434 708 475 Tatariae
738 449 911 490 magnae
944 438 1064 476 urbes
1106 447 1149 476 et
1189 436 1233 476 in
1274 436 1391 492 pagis
1432 451 1554 492 saepe
1596 436 1842 491 gallinarum
1870 449 2024 491 strages

357 522 481 551 noctu
508 509 608 557 edit,
638 521 760 564 atque
789 509 1080 551 itinerantibus
1116 525 1256 551 ocreas
1297 522 1339 550 et
1371 512 1509 551 edulia
1545 512 1685 552 omnia
1719 514 1793 552 sub
1835 527 2025 552 somnum

358 585 500 624 aufert.
560 587 701 624 Noctu
727 584 968 639 praesertim
998 597 1237 640 vagaturet
1265 597 1438 626 venatur
1467 585 1732 637 cohortatim‚
1764 602 1858 627 cum
1875 600 2024 641 magno

356 659 536 713 ejulante
565 659 745 699 clamore
774 660 954 699 ulutatus
982 659 1120 700 sonori
1135 675 1282 700 canum
1298 662 1475 702 aemulo.
1523 662 1721 702 Ululante
1736 677 1830 711 uno,
1861 675 2026 716 respon-

355 735 455 774 dent
482 732 655 788 reliqui3
685 734 757 788 qui
786 749 873 774 mos
901 734 994 774 cani
1024 734 1254 774 domestico
1284 735 1449 775 mansit.
1507 735 1652 776 Junior
1680 736 1883 776 ciem-atur
1911 734 2023 775 facil-

353 808 467 857 lime,
498 820 539 848 et
566 806 728 848 homini
756 811 800 848 fit
829 808 983 848 amicus
1012 820 1051 848 et
1081 808 1314 849 familiaris:
1345 810 1433 850 vidi
1462 824 1484 850 e
1513 810 1650 850 Persia
1680 811 1864 850 adlatum
1891 808 2024 850 homi-

354 882 397 922 ni
425 882 686 923 familiariter
713 884 843 923 cauda
872 884 1223 933 abblandientem,
1253 896 1295 924 et
1322 884 1365 924 in
1395 886 1515 925 dorso
1545 885 1773 926 ludibunde
1799 900 1840 925 se
1862 883 2027 940 provol-

354 968 533 1005 ventem,
563 968 607 996 ut
637 973 757 998 canes
786 958 955 999 faciunt.
986 963 1046 1011 (⁶²)
1090 963 1174 999 Nec
1206 959 1380 999 dubium
1409 970 1482 1007 est,
1510 959 1688 1015 primam
1716 971 1758 999 et
1785 957 2027 1014 primariam

355 1031 480 1072 Canis
520 1033 741 1072 domestici
782 1033 953 1088 stirpem
996 1035 1046 1073 ab
1086 1033 1166 1073 hac
1197 1033 1334 1088 specie
1364 1048 1453 1074 esse
1485 1033 1768 1074 derivandam.
1841 1033 1922 1073 Sed
1952 1032 2025 1072 sub

354 1104 537 1146 hominis
566 1107 847 1147 moderamine
877 1123 970 1148 cum
987 1107 1078 1148 aliis
1103 1108 1241 1148 canini
1265 1108 1425 1163 generis
1449 1107 1684 1163 speciebus,
1715 1111 1905 1163 Hyaena,
1949 1110 2025 1147 Lu-

353 1195 410 1236 po
437 1191 478 1221 et
505 1183 673 1222 tandem
707 1182 844 1236 Vulpe
874 1182 1004 1222 mixta
1046 1193 1087 1221 et
1129 1181 1308 1237 hybrida
1336 1183 1445 1222 facta
1473 1193 1553 1231 est,
1597 1193 1643 1221 ut
1670 1198 1778 1222 nunc
1808 1193 1922 1222 recte
1950 1196 2026 1237 pro

354 1254 575 1309 peculiari,
617 1254 776 1295 factitia
805 1266 847 1295 et
874 1255 1120 1297 multiformi
1149 1256 1287 1312 specie
1315 1256 1417 1311 poni
1446 1266 1569 1311 queat
1601 1256 1724 1297 Canis
1754 1255 1984 1297 familiaris.

485 1413 650 1453 Descr.
715 1413 956 1466 Magnitudo
985 1412 1093 1453 inter
1120 1413 1301 1468 Vulpem
1332 1424 1373 1453 et
1401 1416 1562 1468 Lupum
1592 1414 1742 1462 media,
1773 1425 1926 1454 statura
1954 1429 2025 1469 po-

354 1486 437 1527 tius
465 1486 583 1541 Lupi,
614 1487 685 1526 sed
715 1487 919 1542 gracilior.
977 1490 1126 1528 Dentes
1154 1492 1346 1542 primores
1361 1498 1535 1542 quatuor
1549 1488 1792 1528 intermedii
1807 1490 1954 1529 obtuso
1971 1511 2028 1520 —-

355 1560 545 1609 truncati,
576 1561 836 1614 planiusculi,
868 1561 938 1600 vix
967 1561 1111 1609 lobati,
1141 1561 1293 1600 extimi
1322 1565 1508 1614 majores,
1537 1577 1658 1616 supra
1687 1561 1894 1610 conoidei‚
1925 1562 2026 1602 infe-

356 1633 439 1675 rius
467 1634 698 1681 rotundati3
729 1636 873 1675 Canini
897 1651 1019 1691 supra
1047 1636 1171 1691 paulo
1199 1639 1391 1689 majores;
1422 1640 1594 1676 molares
1619 1636 1773 1690 ubique
1797 1637 1897 1686 seni,
1930 1652 2026 1692 quo-

356 1717 447 1748 rum
474 1708 599 1763 primi
628 1708 793 1750 minimi
821 1709 981 1760 conici,
1019 1709 1202 1765 proximi
1230 1725 1350 1764 supra
1378 1711 1460 1750 duo
1490 1721 1532 1750 et
1559 1709 1666 1748 infra
1703 1722 1783 1749 tres
1812 1711 2025 1751 trilobato-

358 1783 480 1831 acuti,
512 1783 684 1824 maximi
713 1795 756 1824 et
783 1784 917 1824 bilobi
946 1801 1066 1840 supra
1094 1795 1272 1840 quartus,
1308 1784 1415 1824 infra
1445 1783 1634 1838 quintus,
1665 1784 1866 1841 postremi
1895 1785 2026 1825 minu-

437 1892 490 1942 (*)
512 1895 729 1927 Referendus
757 1896 898 1929 videtur
924 1897 968 1928 ad
993 1896 1062 1929 hoc
1083 1899 1198 1939 ipsum
1232 1895 1361 1927 animal
1386 1899 1511 1929 textus
1533 1894 1693 1929 Aeliani
1720 1897 1797 1929 hist.
1819 1896 1914 1929 anim.
1930 1897 1982 1929 lib.
1998 1900 2023 1929 Ι.

508 1965 572 2000 cap>
602 1963 632 2001 7.
690 1955 823 1996 „Thoa
850 1957 974 1989 dicunt
994 1966 1071 1988 esse
1085 1955 1214 1987 animal
1242 1954 1552 1996 humanissimum,
1602 1959 1864 1998 praecipueque
1892 1956 2026 1988 homini

508 2017 710 2059 „amicum3
736 2019 773 2047 et
799 2017 827 2045 si
853 2014 946 2046 forte
972 2018 1007 2047 in
1032 2015 1212 2047 hominem
1239 2015 1415 2055 inciderit,
1444 2017 1621 2055 revereri,
1649 2025 1690 2046 ac
1711 2015 1812 2047 velut
1833 2016 2025 2047 observan-

508 2077 591 2116 „tes
608 2076 784 2114 venerari,
814 2074 979 2116 amplius,
998 2076 1024 2106 si
1052 2085 1070 2105 a
1097 2074 1179 2106 feris
1207 2073 1284 2104 aliis
1311 2076 1594 2106 circumventum
1622 2077 1790 2114 senserit,
1836 2079 1911 2106 tum
1940 2086 2026 2107 vero

509 2144 724 2174 „accurrere
751 2136 931 2175 protinus,
961 2134 1203 2176 opitularique
1229 2143 1295 2175 pro
1322 2133 1504 2174 viribus„
1570 2136 1624 2165 Ex
1652 2134 1814 2165 omnibus
1841 2136 2024 2166 itinerato-

511 2204 588 2224 rum
627 2192 859 2225 relationibus
886 2197 1041 2234 constat,
1082 2203 1206 2225 canem
1247 2202 1393 2225 aureum
1434 2195 1576 2225 minime
1610 2195 1736 2225 timere
1763 2193 1956 2234 hominem,
1985 2204 2025 2226 ac

510 2253 600 2284 aliae
626 2251 720 2282 ferae
747 2260 881 2289 omnes,
909 2260 974 2281 nec
1000 2251 1160 2284 habitata
1187 2251 1267 2284 loca
1292 2252 1426 2294 fugere.
1482 2254 1575 2293 Quin
1602 2252 1759 2285 clamore
1783 2263 1847 2284 suo
1868 2252 1955 2283 alias
1975 2253 2025 2283 fe-

511 2321 566 2341 ras
592 2310 783 2341 denunciat
809 2308 955 2347 homini,
983 2313 1020 2341 et
1046 2314 1100 2341 est
1127 2312 1226 2352 quasi
1252 2314 1373 2343 custos
1399 2312 1454 2343 illi
1479 2321 1498 2342 a
1516 2315 1643 2344 natura
1669 2313 1895 2344 constitutus.
1949 2314 2023 2343 Huc

511 2372 547 2402 ct
572 2367 679 2401 Thoes
706 2366 827 2403 Plinii
852 2368 923 2403 hist,
952 2375 1008 2400 nat
1042 2369 1093 2401 lib.
1123 2368 1226 2404 VIII.
1252 2382 1320 2414 cap.
1346 2373 1402 2406 52.
