2196 2927
385 201 473 245 258
1142 203 1287 227 ¹¹·———.-

379 319 421 349 et
450 304 630 362 hybrida
658 300 878 359 progenies
906 301 1087 344 humana
1117 317 1240 358 opera
1263 302 1463 358 producta
1485 317 1559 358 per
1581 316 1622 343 se
1644 315 1728 343 non
1756 317 1945 358 generat,
1979 308 2052 347 sed

379 393 541 423 tantum
582 395 677 420 cum
721 378 927 419 alterutris
970 378 1153 435 speciei,
1200 395 1222 419 a
1266 394 1345 434 qua
1388 378 1594 433 originem
1636 378 1790 429 habet,
1834 379 2054 422 individuo

378 461 547 513 juncta,
590 456 700 496 unde
732 456 868 495 denuo
897 455 1033 510 proles
1063 456 1114 495 ad
1143 454 1322 510 primam
1352 455 1527 494 formam
1557 453 1668 494 redit
1698 458 1774 509 (³).
1833 457 2058 498 Varietates

378 531 654 573 notabiliores
684 529 791 570 mihi
820 542 982 571 tantum
1011 543 1092 571 tres
1122 531 1412 580 innotuerunt,
1465 549 1496 571 ι.
1528 533 1667 585 Equus
1706 542 1891 586 mystace
1922 542 2058 571 setoso

379 607 614 648 circinnuto
641 605 685 646 in
714 606 923 662 superiore
953 607 1066 648 lubio
1096 605 1290 660 insignis,
1329 621 1453 661 quem
1481 606 1525 645 in
1555 607 1786 662 Spicilegiis
1817 608 1954 659 (Fasc.
1984 608 2059 646 XI.

379 700 418 739 p.
451 691 487 725 5.
520 683 604 723 tab.
635 690 671 724 5.
693 684 776 737 fig.
809 687 866 735 6.)
910 681 1131 737 descripsi3
1178 699 1213 720 2.
1246 681 1354 735 Equi
1384 681 1528 722 rossici
1566 692 1655 721 toto
1684 697 1856 737 corpore
1885 682 1974 737 pilo
2004 682 2060 722 la-

376 759 567 808 niformi,
599 758 777 814 crispato
808 770 850 798 et
879 759 1099 804 undulato,
1129 755 1358 812 prolixiore
1383 756 1525 796 vestiti
1543 761 1642 810 (³³³⁵),
1673 761 1786 811 cujus
1817 759 2059 813 exemplum

375 834 504 873 etiam
535 835 644 889 apud
673 833 922 874 Baschkiros
954 844 1155 873 memorat
1197 833 1280 871 Cel.
1313 833 1436 871 Fazk
1481 837 1635 882 (itiner.
1668 835 1742 871 III.
1781 850 1820 888 p.
1852 841 1972 884 529.)
2017 844 2060 873 et

375 908 450 965 qui
479 909 542 949 sui
572 909 728 949 similes
760 920 980 964 generant3
1026 916 1063 949 3.
1096 911 1235 963 Equus
1264 908 1387 962 plane
1418 909 1550 947 nudus
1580 919 1621 947 et
1651 908 1824 963 depilis,
1868 907 2058 963 pulcher-

374 983 505 1025 rimae
537 985 719 1034 formae,
752 985 824 1040 qui
855 984 931 1023 fuit
960 984 1071 1024 inter
1101 981 1262 1038 equiria
1292 982 1431 1022 ultimi
1461 986 1705 1023 Tatarorum
1735 982 2060 1038 Chrymensium

375 1057 515 1100 Chuni
544 1061 721 1099 Schalzin
743 1065 869 1114 girei,
915 1071 957 1099 et
1003 1058 1075 1114 qui
1104 1069 1248 1099 contra
1278 1057 1573 1112 intemperiem
1616 1057 1720 1098 aeris
1757 1073 1920 1113 semper
1961 1058 2060 1099 ami-

372 1145 462 1174 ctus
493 1135 734 1174 ducebatur.
763 1160 815 1168 —
858 1139 905 1175 In
936 1134 1172 1176 borealibus
1203 1133 1300 1188 equi
1330 1133 1502 1189 plurimi
1533 1144 1670 1174 aetate
1697 1134 1916 1189 acquirunt
1944 1135 2061 1188 jubas

375 1210 602 1250 admodum
645 1211 849 1266 prolixas,
894 1225 1018 1266 saepe
1060 1211 1147 1249 sere
1191 1210 1242 1248 ad
1284 1220 1435 1248 terram
1478 1210 1778 1264 dependentes.
1808 1235 1853 1241 —
1898 1213 2060 1264 Hyeme

376 1284 475 1340 equi
505 1285 621 1325 omni
650 1285 946 1326 inclementiae
990 1284 1172 1340 expositi
1217 1283 1435 1339 acquirunt
1470 1294 1560 1323 toto
1591 1299 1762 1339 corpore
1795 1284 1942 1325 villum
1972 1285 2057 1324 lon—

376 1374 495 1414 gum,
524 1359 780 1408 subhirtum,
811 1360 882 1416 qui
912 1360 1049 1416 primo
1080 1375 1175 1399 vere
1206 1359 1365 1399 defluit.
1423 1360 1550 1414 Apud
1581 1362 1780 1400 Buraetos
1808 1361 1936 1400 etiam
1966 1360 2058 1400 vidi

375 1441 613 1477 varietatem
643 1453 663 1476 a
692 1437 938 1476 Jonstono
981 1434 1258 1481 delineatam,
1294 1435 1395 1490 juba
1424 1433 1573 1474 villosa
1615 1451 1637 1474 a
1681 1436 1845 1476 cervice
1877 1437 2058 1491 adusque

376 1512 550 1551 caudam
580 1526 657 1567 per
685 1512 847 1567 spinam
876 1512 1139 1561 continuata,
1182 1510 1255 1566 qui
1298 1509 1456 1550 strenui
1486 1522 1528 1551 et
1558 1511 1808 1552 robustiores
1838 1511 2058 1552 habentur.

439 1681 488 1723 ()
518 1683 544 1712 E
573 1681 679 1713 mulis
709 1693 789 1713 cum
817 1692 910 1728 equo
939 1683 998 1714 vel
1024 1684 1123 1714 asino
1151 1683 1282 1725 junctis
1319 1682 1458 1725 prolem
1486 1684 1669 1723 generari,
1704 1686 1830 1714 contra
1857 1679 2057 1721 Buffonii‚

522 1740 689 1781 effatum,
730 1752 821 1773 nunc
862 1746 947 1774 satis
987 1742 1200 1774 eonfirmata
1242 1751 1297 1772 res
1338 1746 1413 1782 est,
1456 1741 1517 1772 sed
1556 1741 1677 1784 proles
1711 1741 1888 1773 alterutro
1915 1743 2056 1783 parenti

523 1802 682 1831 nascitur
710 1802 879 1842 similior;
907 1806 1032 1834 contra
1060 1801 1250 1843 hybridum
1278 1811 1360 1832 cuin
1388 1800 1541 1843 hybrido
1570 1813 1639 1834 non
1667 1805 1836 1844 generat,
1864 1801 1957 1832 unde
1985 1801 2056 1833 for»

466 1874 469 1877 ·
523 1870 580 1891 ma
608 1859 824 1901 degenerata
851 1864 1043 1904 propagari
1071 1863 1206 1907 nequit.

427 1944 504 1990 (²⁸²⁸)
533 1947 632 1988 Equa
660 1946 800 1988 lanata,
842 1957 948 1989 quam
984 1950 1078 1979 circa
1107 1947 1249 1979 Penfam
1276 1946 1369 1987 vidi,
1413 1951 1491 1979 erat
1530 1947 1639 1980 lactei
1684 1947 1835 1987 coloris,
1876 1951 1955 1980 tota
1992 1947 2056 1990 pilo

519 2006 636 2038 multo
664 2009 845 2039 teneriore
875 2011 910 2039 et
938 2007 1126 2047 molliore,
1167 2017 1274 2048 quam
1309 2009 1460 2049 equinus
1488 2007 1581 2039 solet
1609 2018 1686 2040 esse
1714 2012 1750 2040 et
1779 2011 1859 2050 agni
1898 2009 2055 2040 calmuc-

520 2068 590 2098 cici
619 2065 776 2098 adinstar
804 2068 1193 2109 crispam-undulato-
1259 2068 1363 2102 Aures
1390 2067 1551 2111 repletae
1579 2068 1661 2100 lana
1688 2071 1822 2111 crispa;
1863 2073 1972 2112 caput
1999 2080 2055 2100 us·

519 2137 588 2173 que
616 2127 660 2157 ad
686 2126 809 2158 oculos
837 2127 1060 2160 uudulatum.
1115 2126 1221 2162 Jubae
1247 2133 1419 2173 caudaeque
1445 2129 1539 2172 pilus
1568 2130 1716 2171 rigidior
1743 2131 1779 2160 in
1806 2129 1943 2161 cirrhos
1971 2140 2054 2161 con-

518 2190 635 2225 torta3
663 2186 707 2217 ad
734 2187 834 2217 basin
860 2187 965 2230 jubae
993 2192 1030 2220 et
1057 2190 1251 2222 seeundum
1280 2191 1444 2230 dorsum,
1473 2190 1718 2237 lateribusque
1747 2191 1819 2222 lma
1841 2190 1945 2222 valde
1968 2192 2054 2221 cris-

519 2257 586 2289 pa,
616 2246 787 2278 undulata
814 2249 850 2278 in
877 2248 1042 2288 artubu33
1068 2253 1186 2282 totum
1214 2255 1333 2284 autem
1363 2250 1479 2283 vellus
1507 2251 1709 2283 undulatim
1738 2253 1975 2292 interruptum
1997 2250 2051 2280 di-

522 2309 681 2339 rectione
711 2306 840 2352 ubique
867 2310 1071 2341 transversa
1100 2320 1161 2341 seu
1191 2311 1373 2352 annulari,
1416 2315 1455 2343 ut
1486 2316 1541 2344 est
1573 2313 1661 2343 situs
1701 2310 1890 2342 fasciarum
1926 2311 1960 2339 in
1989 2311 2049 2340 Ze-

520 2365 597 2398 bra.
651 2367 910 2408 Admissarius,
938 2379 956 2400 e
984 2380 1052 2411 qua
1079 2373 1161 2401 nata
1188 2375 1284 2411 erat,
1314 2372 1483 2404 similiter
1510 2372 1649 2404 lanatus
1676 2370 1804 2411 fuisse,
1844 2372 1880 2400 et
1907 2378 2049 2400 omnem

517 2424 657 2464 prolem
686 2426 755 2457 sibi
783 2427 936 2460 similem
963 2439 1173 2472 procreasse
1206 2431 1405 2464 dicebatur.
