2196 2927
411 178 497 220 324
1175 182 1317 203 ἷ-

814 280 873 329 ΙΙ.
961 279 1671 330 FALCONES.

538 427 722 481 Rapaces
751 427 913 468 diurnas
944 445 965 468 a
993 431 1218 469 Limnaeo
1259 432 1499 481 conjunctas
1543 429 1586 468 in
1629 427 1706 467 tria
1751 442 1898 482 genera
1944 428 2077 484 dispo—

403 515 500 540 nere
531 500 665 540 visum
695 513 774 551 est,
819 505 1065 544 tantundem
1096 504 1404 544 characteribus
1435 505 1545 544 inter
1575 518 1615 542 se
1647 502 1863 552 distincta,
1910 519 1956 543 ac
1988 505 2080 544 Vul-

403 586 528 616 tures:
559 576 854 618 Nobilissimos
884 578 1019 633 primo
1049 580 1142 620 loco
1172 579 1314 634 posui,
1344 581 1567 619 bellatores
1598 580 1812 624 Fchoues,
1855 589 2076 632 sequantur

401 651 562 706 regiae,
610 651 652 691 vi
689 668 758 692 sua
796 655 1035 693 tremendae
1079 656 1276 709 Aquilae,
1321 655 1555 710 ultimoque
1593 655 1686 694 loco
1717 664 1834 693 erunt
1865 653 2082 695 inertiores

402 725 491 766 istis
520 727 758 782 Accipitres.

552 803 746 841 Falcones
783 803 968 842 omniun]
1014 803 1214 843 facillime
1267 804 1601 858 distinguuntur:
1662 814 1788 843 rostro
1836 803 2081 843 brevissime

402 877 586 922 adunco,
616 877 667 915 ad
698 876 859 930 apicem
890 877 1083 933 utrinque
1108 878 1349 927 bidentato,
1382 880 1657 933 respondente
1685 877 1728 916 in
1751 878 1947 917 inferiore
1973 894 2081 917 man-

402 951 545 991 dibula
590 950 782 1005 utrinque
828 951 1027 999 incisura3
1073 969 1163 993 cera
1207 969 1360 1000 crassa,
1404 953 1447 992 in
1480 969 1559 1007 qua
1589 953 1750 992 narium
1782 964 1994 1008 aperturae
2023 968 2082 992 ro-

400 1027 574 1074 tundae,
620 1025 777 1079 papilla
806 1026 848 1066 in
880 1028 1019 1067 medlo
1047 1029 1326 1083 prominente.
1398 1028 1508 1067 Dein
1550 1026 1762 1083 proprium
1793 1026 1859 1066 his
1889 1039 1950 1067 est
1979 1028 2081 1081 digi-

402 1111 489 1142 tum
517 1099 561 1139 in
590 1101 766 1154 pedibus
797 1103 1066 1146 exteriorem,
1099 1105 1192 1143 laxa
1223 1104 1332 1159 plica
1365 1105 1592 1150 adnexum,
1632 1101 1897 1142 transversim
1927 1113 2080 1142 extror-

401 1190 492 1215 sum
523 1175 791 1229 detorquere,
830 1179 1074 1232 praesertim
1105 1194 1231 1233 quum
1264 1179 1426 1219 falculis
1455 1178 1740 1234 prehendunt3
1785 1189 1827 1216 et
1854 1176 1898 1216 in
1928 1193 2079 1231 genere

400 1248 559 1290 habent
588 1252 739 1302 digitos
770 1252 889 1291 valde
923 1254 1156 1306 elongatOS,
1188 1255 1327 1292 subtus
1357 1253 1538 1292 verrucis
1570 1252 1856 1292 articularibus
1885 1252 2079 1306 insignes,

401 1336 444 1365 et
473 1325 644 1364 falculas
675 1339 768 1363 cum
799 1325 1001 1366 tenuitate
1032 1326 1294 1375 fortissimas,
1329 1329 1553 1382 elongatas.
1627 1328 1732 1367 Alae
1762 1338 1805 1366 et
1833 1329 1966 1367 cauda
1996 1343 2080 1367 om-

403 1400 524 1439 nibus
554 1398 713 1453 rigidae
745 1411 785 1438 et
816 1401 1053 1454 elongatae,
1086 1404 1135 1441 ad
1166 1402 1449 1441 velocissimos
1479 1402 1523 1441 iu
1554 1409 1646 1441 aere
1677 1414 1811 1441 motus
1843 1404 2079 1457 adaptatam

401 1476 628 1530 pleraeque
661 1486 701 1514 et
732 1474 942 1515 altivolae.
1004 1477 1252 1516 Nidulantur
1280 1491 1443 1531 quoque
1474 1476 1517 1515 in
1548 1477 1631 1516 alto
1661 1488 1702 1517 et
1731 1489 1898 1517 cruenta
1929 1478 2079 1532 pracda

402 1549 569 1596 vivunt,
599 1549 831 1604 ignobilem
862 1550 1003 1590 cibum
1034 1564 1281 1592 aversantes.
1340 1551 1545 1591 Omnibus
1575 1555 1686 1591 color
1714 1551 1756 1591 in
1787 1552 1920 1607 prima
1947 1564 2079 1592 aetate

401 1623 636 1673 variabilis,
669 1626 777 1664 unde
808 1625 938 1665 multa
968 1628 1075 1682 apud
1107 1639 1292 1667 auctores
1325 1625 1525 1667 confusio.
1583 1627 1741 1679 Hyeme
1771 1627 2005 1682 demigrant
2034 1628 2077 1667 in

400 1709 649 1753 temperatas
692 1699 901 1753 regiones,
949 1701 1124 1741 comites
1155 1701 1406 1755 migratoriis
1436 1702 1601 1749 avibus,
1645 1717 1740 1741 011111
1770 1703 1917 1757 quibus
1948 1713 1990 1741 et
2019 1716 2077 1741 re-

400 1774 529 1813 deunt
559 1774 609 1812 ad
638 1773 780 1813 solitos
810 1773 942 1813 nidos.
1014 1777 1082 1814 Ad
1124 1782 1374 1816 venacionem
1421 1775 1665 1831 praesertim
1693 1777 1850 1816 dociles
1880 1787 1991 1825 sunt,
2036 1788 2077 1816 et

398 1846 667 1901 praecipuum
698 1849 978 1901 spectaculum
1007 1851 1208 1903 praebent
1240 1853 1284 1889 F.
1316 1851 1511 1902 Gyrfalco
1542 1861 1583 1889 et
1614 1855 1862 1903 peregrinus,
1894 1867 1971 1891 nec
2002 1852 2075 1891 mi-

399 1936 473 1960 nus
503 1937 577 1976 pro
607 1938 676 1961 sua
706 1922 911 1976 parvitate
942 1924 1205 1964 delactabilis
1233 1926 1424 1965 Aesalon.
1498 1924 1665 1980 Species
1708 1927 1933 1966 secundum
1970 1938 2075 1967 aeta-

400 2006 485 2035 tem
518 2008 560 2036 et
588 1996 809 2036 varietates
840 1997 942 2037 mire
972 1999 1305 2053 multiplicarunt
1333 2011 1518 2040 auctores
1548 2011 1635 2040 tam
1665 2002 1912 2051 Falconum,
1951 2017 2074 2056 quam

400 2071 667 2127 accipitrum,
700 2072 772 2111 sed
795 2072 982 2113 omnium
1004 2073 1188 2114 maxime
1218 2076 1471 2115 Gmelinus
1500 2075 1543 2115 in
1572 2077 1800 2130 Systemate
1830 2079 2073 2118 Linnaeano.

657 2206 737 2237 12.
790 2195 864 2236 ÷F
892 2195 933 2238 A
962 2197 995 2238 L
1026 2194 1064 2239 C
1095 2197 1135 2238 O
1209 2191 1492 2257 GyrfczZCO.
1552 2197 1693 2240 TAB.
1733 2198 1819 2268 HJ.

533 2295 579 2332 F.
621 2306 713 2332 cera
756 2292 1013 2348 pedibusque
1058 2294 1456 2347 coerulescentibus,
1501 2310 1673 2352 corpore
1716 2295 2072 2351 longitudinaliter

399 2366 627 2415 maculato,
665 2368 819 2410 caudae
850 2367 967 2424 apice
998 2369 1229 2411 concolore.
