2196 2927
874 210 1019 224 “““““““
1715 209 1779 250 97

109 313 283 357 servavi.
343 316 391 354 In
420 315 584 368 Europa
613 325 776 367 quoque
803 324 886 350 non
915 308 1070 362 ubique
1100 308 1308 349 albescere
1337 311 1486 360 credo,
1525 308 1664 351 saltim
1692 325 1776 351 non

108 390 153 430 in
182 388 471 438 calidioribus,
502 385 674 440 Anglia‚
718 383 880 431 Gallia,
912 381 1047 422 Italia.
1105 385 1262 421 Verum
1291 386 1383 424 Mus
1411 387 1632 435 Lassicius‚
1664 385 1777 426 circa

108 480 235 520 quem
277 463 424 504 dubius
467 461 547 502 fuit
587 462 833 500 Gesnerus
877 457 954 510 (de
995 457 1206 512 Quadrup.
1251 473 1289 512 p.
1320 462 1439 511 746.)
1482 460 1652 501 omnino
1689 471 1777 501 erat

109 540 287 579 Mustela
316 535 494 591 vulgaris
523 534 676 590 hyeme
699 532 896 579 candida,
926 533 977 572 de
1001 547 1080 587 qua
1103 531 1231 571 etiam
1259 533 1491 574 Kleinius
1520 535 1777 576 mentionem

109 614 274 668 injecit,
313 623 355 651 et
384 609 578 650 meminit
603 611 759 649 Leche
788 609 880 648 Act.
912 609 1116 648 holmiens.
1148 608 1233 660 (ed.
1258 621 1385 661 germ.
1415 612 1494 648 vol.
1512 616 1576 649 25.
1607 626 1645 664 p.
1665 613 1775 663 295.)

109 700 151 729 et
194 689 263 728 Ge.
292 687 547 740 Agricola
575 683 703 724 etiam
732 683 955 723 Mustelam
984 681 1256 722 domesticam
1292 697 1606 737 nonnunquam,
1650 684 1778 724 rarius

108 763 228 811 licet,
271 772 404 800 totam
448 759 668 800 candidam
712 758 899 814 reperiri.
970 760 1023 797 Et
1058 756 1103 797 in
1133 757 1325 797 Helvetia
1355 769 1551 798 montana
1580 759 1777 798 Mustelas

107 851 250 878 omnes
281 846 434 876 aestate
462 836 592 875 fuscas
622 838 693 888 (ut
719 845 813 875 sunt
840 835 1049 885 nostrae),
1080 833 1148 872 vel
1185 832 1423 881 subrutilas,
1456 831 1609 887 hyeme
1639 833 1779 873 candi-

108 913 179 953 das
208 926 296 951 esse
327 912 572 952 Gesnerus
600 914 628 952 l.
658 926 693 951 c.
738 925 778 965 p.
808 916 900 962 753.
943 919 986 949 et
1023 909 1131 964 apud
1161 908 1339 948 eundem
1368 909 1647 963 Scampfius
1677 922 1780 948 asse-

108 997 290 1026 ruerunt.
349 986 460 1026 Dein
489 1000 587 1026 vero
617 1001 639 1025 a
667 984 805 1041 priore
834 999 928 1025 cum
950 983 1146 1024 Ermineo
1168 983 1348 1023 Mustela
1378 983 1471 1023 alba
1500 982 1779 1023 confunditur.

108 1064 167 1102 Ut
195 1061 342 1110 dubia,
386 1071 586 1116 quantum
613 1059 658 1100 in
687 1075 755 1100 me
790 1071 872 1111 est,
916 1060 1093 1110 solvam,
1138 1060 1246 1099 addo
1288 1057 1615 1114 descriptionem
1656 1058 1780 1098 Gales

110 1135 315 1177 nostratis.

246 1285 418 1325 Descr.
475 1284 672 1324 Ermineo
702 1284 915 1325 multoties
944 1283 1092 1324 minor.
1152 1285 1288 1338 Caput
1316 1282 1471 1332 minus,
1503 1297 1626 1337 quam
1646 1282 1777 1333 illius,

107 1360 352 1414 oblongum,
384 1371 560 1400 rostrum
590 1359 724 1399 minus
754 1360 924 1408 simum,
968 1359 1174 1414 pauloque
1205 1357 1376 1399 acutius.
1446 1359 1656 1412 Mystaces
1684 1373 1779 1412 qua·

106 1445 200 1474 tuor
228 1434 440 1484 ordinum,
472 1434 601 1475 etiam
629 1434 673 1475 in
702 1433 891 1489 hyberna
920 1433 1048 1488 nigri3
1078 1449 1266 1474 verrucae
1295 1449 1415 1488 supra
1443 1434 1585 1473 oculos
1607 1443 1649 1472 et
1671 1447 1779 1487 pone

107 1508 259 1549 rictum
299 1509 466 1550 circiter
501 1509 774 1564 quadripiles,
819 1509 970 1563 gularis
998 1509 1172 1563 tripilis,
1218 1523 1361 1548 omnes
1391 1507 1534 1547 setulis
1563 1507 1779 1547 albicanti-

107 1585 181 1624 bus
225 1591 287 1632 (at
322 1582 368 1622 in
406 1583 601 1623 Ermineo
644 1595 731 1622 seta
772 1582 1050 1637 supraciliaris
1092 1582 1214 1621 unica
1256 1581 1485 1635 nigrescit).
1569 1580 1780 1635 Margines

108 1659 417 1714 palpebrarum,
462 1656 704 1712 praesertim
746 1656 901 1697 cantho
945 1656 1148 1695 anteriore
1192 1655 1313 1709 nigri.
1391 1657 1777 1710 Periophchalmium

106 1732 179 1771 vix
209 1731 433 1771 dimidium
462 1732 629 1773 oculum
656 1742 817 1785 tegens,
849 1730 892 1770 in
923 1729 1118 1769 Ermineo
1160 1740 1307 1769 totum.
1377 1730 1504 1769 Irides
1545 1730 1778 1769 luteo-fus-

108 1821 201 1855 cae,
232 1807 442 1846 obscurae.
500 1807 719 1845 Auriculae
747 1804 977 1854 breviores,
1010 1820 1131 1859 quam
1162 1804 1379 1852 Ermineo,
1425 1804 1580 1843 vellere
1610 1804 1694 1843 fere
1723 1804 1777 1842 la-

109 1892 264 1928 tentes3
295 1880 373 1935 pili
395 1880 569 1935 rigiduli
592 1891 685 1920 ante
710 1891 891 1920 meatum
915 1879 1163 1920 decussatim
1185 1878 1321 1927 strati,
1359 1878 1402 1917 in
1426 1889 1611 1933 utraque.
1669 1879 1780 1918 Area

111 1955 284 1995 velleris*
307 1959 498 1995 suturalis
526 1957 577 1996 ad
606 1956 735 1995 latera
764 1955 865 1996 colli
901 1955 1116 2009 insignior.
1187 1956 1342 2005 Corpus
1379 1953 1675 2008 gracillimum,
1719 1963 1777 1992 te-

110 2044 192 2076 res;
238 2040 348 2070 artus
377 2030 511 2070 adhuc
540 2031 769 2080 breviores,
801 2046 926 2086 quam
954 2030 1164 2070 Ermineo.
1234 2031 1392 2069 Setulae
1421 2039 1501 2067 tres
1533 2026 1695 2067 albidae
1727 2028 1779 2066 ad

111 2104 294 2144 mediam
336 2105 476 2144 ulnam
519 2121 540 2144 a
570 2107 698 2145 latere
728 2105 890 2160 postico
919 2121 942 2145 e
973 2106 1128 2144 vellere
1158 2104 1457 2160 prominentes,
1501 2111 1545 2140 ut
1573 2101 1617 2140 in
1647 2100 1778 2140 Ermi-

112 2193 212 2226 neo3
265 2181 381 2218 volae
421 2181 576 2234 pedum
617 2179 834 2234 pilosiores
877 2191 919 2219 et
961 2177 1175 2231 unguiculi
1218 2176 1340 2230 plane
1384 2177 1487 2216 villo
1530 2175 1777 2216 absconditi.

112 2254 259 2295 cauda
287 2253 419 2292 multo
447 2253 633 2303 brevior,
678 2253 806 2293 etiam
834 2253 1016 2308 posticos
1046 2254 1172 2307 pedes
1201 2267 1283 2292 non
1321 2265 1576 2306 exaequans,
1618 2250 1662 2290 in
1705 2249 1780 2305 hy-

111 2331 241 2370 berno
270 2328 426 2367 vellere
456 2329 567 2377 alba,
599 2343 694 2368 curn
721 2328 818 2383 pilis
848 2328 893 2368 in
922 2327 1039 2383 apice
1078 2327 1236 2382 aliquot
1281 2328 1343 2381 (in
1387 2325 1698 2381 perfectissimis
1728 2326 1782 2366 acl

113 2403 300 2459 triginta)
344 2402 485 2459 nigris.
557 2405 711 2447 Contra
746 2403 790 2445 in
820 2403 987 2445 aestrvis
1016 2405 1156 2444 cauda*
1181 2404 1312 2445 dorso.
1345 2400 1782 2458 gryseo-fuscescenti

1318 2486 1363 2522 13
