2196 2927
406 171 489 222 156
1158 180 1302 203 Ξ

401 282 519 331 sitos,
564 280 817 337 graminosos
860 278 1050 335 frequens
1080 278 1253 328 animal,
1299 280 1410 335 quod
1448 279 1548 320 licet
1586 279 1751 335 frigoris
1779 274 2003 338 impa‘tiens
2033 295 2074 324 et

395 356 446 397 vin
475 355 647 397 Polonia
677 367 800 411 atque
829 356 1008 396 Uerania
1037 371 1120 396 non
1148 356 1255 395 ultra
1285 363 1393 396 55⁸⁸*
1421 355 1655 396 latitudinis
1698 357 1870 411 gradum
1912 360 1963 398 ad
2004 361 2074 400 bo-

402 446 514 471 ream
545 442 783 480 extensum,
826 431 869 471 in
913 432 1043 471 multo
1086 431 1302 485 frigidiore
1338 442 1477 471 tamen
1508 431 1661 471 Sibiria
1701 431 1747 471 in
1775 433 1945 481 eodem,
1987 434 2074 476 imo

399 507 528 561 magis
560 506 788 561 aquilonari
820 507 987 547 climate
1018 506 1125 546 vivit
1154 518 1196 546 et
1234 507 1278 546 in
1323 506 1660 547 Camtschatcam
1705 522 1870 562 quoque
1912 509 2076 550 transiit

397 598 491 622 cum
521 594 737 637 sequente,
768 582 854 622 imo
886 582 1066 622 maxime
1098 584 1289 636 frequens
1317 582 1379 621 ibi
1408 594 1482 623 est.
1554 582 1901 637 Copiosissimum
1948 584 2076 627 etiam

395 657 439 697 in
469 658 646 698 collibus
675 659 725 697 ab
756 658 945 698 Uralensi
982 662 1076 712 jugo
1118 672 1257 697 versus
1295 660 1494 697 Austrum
1541 658 1876 707 excurrentibus,
1919 670 1962 699 et
2002 675 2076 715 per

394 747 562 773 omnem
602 733 814 772 Tatariam
856 748 1067 786 magnam,
1112 732 1238 787 inque
1282 732 1431 787 apricis
1473 732 1672 779 Sibiriae3
1716 748 1799 773 non
1840 733 1884 773 in
1926 735 2075 790 alpinis

393 811 556 862 Hyeme
585 807 628 848 in
659 808 873 863 profundis
904 808 1010 847 ultra
1050 822 1240 862 orgyain,
1287 818 1329 846 et
1356 808 1479 862 longe
1509 807 1713 862 protensis
1743 808 1946 849 cuniculis
1989 810 2074 850 alto

394 898 540 924 somno
570 884 776 938 sepultum
806 887 931 937 jacet,
975 884 1028 922 ob
1058 882 1358 937 pinguedinem
1388 882 1537 936 magis,
1582 898 1706 937 quam
1735 883 1875 937 frigus.
1947 885 2076 925 Domi

392 957 508 998 enirn
548 959 777 999 cicuratum
807 973 1001 1012 magnum
1030 958 1193 1012 frigoris
1223 959 1393 1012 gradum
1431 957 1519 997 sine
1561 969 1730 1012 torpore
1768 959 1937 1012 perfert.
1996 962 2073 998 Ha-

391 1033 527 1073 bitant
555 1035 694 1089 plures
723 1034 914 1074 sociatim
958 1045 1000 1073 et
1040 1033 1221 1072 tumulos
1263 1033 1515 1088 sepulcrales
1558 1032 1777 1088 prasertim
1819 1032 2074 1088 perfodiunt.

392 1109 581 1149 Interdiu
611 1110 847 1165 apricantur
877 1120 917 1149 et
947 1107 1166 1164 phytivori
1194 1119 1438 1163 pascuntur,
1470 1109 1704 1148 excubante
1734 1123 1816 1148 uno
1845 1108 1913 1147 vel
1943 1109 2075 1149 altero

394 1195 437 1223 et
466 1184 599 1224 socios
628 1185 809 1224 fistulatu
838 1185 1111 1232 admonente,
1155 1183 1189 1223 si
1225 1183 1460 1238 periculum
1491 1182 1685 1223 sentiant.
1758 1182 1970 1223 Citissime
2002 1182 2073 1223 ho-

392 1257 498 1297 mini
527 1260 792 1307 adsuescunt,
824 1260 897 1298 sed
926 1258 1065 1297 omnia
1093 1259 1244 1297 rodunt
1272 1257 1316 1297 in
1345 1257 1549 1297 conclavi.
1610 1256 1731 1297 Scabi
1761 1268 1919 1306 amant,
1964 1257 2074 1298 circa

392 1344 534 1388 caput,
567 1345 609 1373 et
637 1349 804 1373 manum
832 1332 986 1372 leviter
1016 1332 1272 1372 morsitando
1301 1333 1562 1386 voluptatem
1590 1343 1806 1372 testantur.

528 1410 675 1449 Nota.
734 1412 781 1447 In
805 1407 985 1449 Uerania
1012 1423 1094 1447 non
1118 1407 1359 1462 infrequens
1384 1409 1570 1447 Varietas
1593 1408 1717 1461 plane
1745 1406 1875 1461 nigra.
1936 1409 2072 1447 Came-

389 1485 571 1523 schatica
603 1485 788 1523 l“'a7·ietas
817 1494 968 1522 statura
996 1485 1127 1535 major
1155 1482 1326 1521 Rossica
1357 1493 1399 1521 et
1430 1482 1620 1522 Sibirica.
1694 1484 1828 1536 Caput
1864 1498 1983 1537 supra
2012 1493 2072 1522 to-

389 1568 476 1597 tum
505 1557 687 1612 nigrum3
718 1563 853 1597 cervix
882 1557 1142 1610 nigrescens,
1181 1556 1337 1611 gryseis
1366 1556 1463 1611 pilis
1492 1556 1644 1603 mixta;
1686 1557 1850 1596 dorsum
1879 1571 2072 1612 gryseum

388 1632 651 1672 creberrimis
680 1632 778 1688 pilis
806 1631 1064 1686 longioribus
1094 1631 1242 1685 nigris3
1270 1634 1418 1671 Latera
1447 1635 1543 1672 colli
1573 1642 1616 1670 et
1644 1633 1763 1687 pedes
1792 1632 2070 1688 gryseo-pal-

389 1707 495 1755 lida3
525 1708 664 1748 subtus
691 1719 800 1747 totus
831 1723 852 1746 a
882 1707 976 1761 gula
1000 1707 1051 1745 ad
1075 1721 1198 1745 anum
1221 1706 1588 1760 longitudinaliter
1608 1706 1772 1746 intense
1797 1706 2067 1760 ferrugineus.

386 1784 607 1823 Auriculae
637 1782 913 1837 ferrugineae.
972 1782 1117 1822 Gauda
1140 1792 1332 1820 extremo
1357 1792 1398 1821 et
1423 1783 1562 1821 subtus
1584 1781 1947 1835 longitudinaliter
1969 1793 2070 1830 atra,

386 1857 476 1897 basi
507 1858 663 1913 gryseis
691 1858 788 1913 pilis
818 1857 971 1904 mixta,
1000 1857 1283 1911 lateribusque
1316 1856 1569 1911 ferruginea3
1600 1855 1766 1897 videtur
1790 1856 1917 1896 etiam
1942 1857 2067 1911 paulo

385 1932 569 1986 longior,
612 1949 734 1988 quam
763 1933 959 1974 Rossicis.
1017 1934 1167 1973 Dentes
1196 1931 1395 1973 incisores
1425 1931 1657 1988 superiores
1686 1933 1875 1974 obsolete
1904 1931 2067 1973 sulcati.

384 2008 454 2048 Ad
481 2008 660 2064 primam
689 2009 842 2050 Faciem
873 2009 1097 2049 admodum
1126 2007 1294 2047 videtur
1321 2008 1498 2048 diversa.

712 2094 793 2140 73.
886 2085 1346 2131 ARCTOMYS
1437 2089 1743 2131 Citillus.

518 2162 570 2200 A.
602 2160 795 2200 auriculis
824 2160 973 2206 nullis,
1002 2159 1131 2199 cauda
1161 2158 1433 2200 subdisticha.

599 2238 694 2276 Mus
724 2235 922 2282 citellus,
964 2237 1052 2274 Lin.
1096 2245 1199 2288 syst.
1229 2237 1323 2274 XII.
1360 2238 1394 2274 I.
1438 2252 1476 2289 p.
1509 2241 1574 2275 80.
1616 2251 1676 2291 sp.
1707 2243 1745 2284 4.
1790 2235 1942 2275 Pallas.
1973 2248 2063 2272 nov.

651 2326 758 2365 spec.
784 2313 880 2363 glir.
913 2326 951 2363 p.
1064 2311 1147 2351 tab.
1179 2312 1249 2351 VI.
1286 2312 1325 2351 A
1355 2321 1393 2353 et
1420 2312 1470 2351 B.
1511 2312 1616 2353 Νου.
1660 2312 1773 2351 Com.
1815 2311 1920 2350 Petr.
1949 2308 2061 2347 XIV.

652 2400 748 2440 pag.
780 2392 872 2438 549.
900 2385 984 2426 tab.
1016 2402 1081 2425 21.
