2196 2927
382 203 472 247 308
1158 205 1302 230 -”““-“--

602 306 728 360 Stryx
756 304 862 346 Otus
891 304 978 344 Lini.
1008 315 1110 359 syst.
1140 307 1173 344 Ι.
1212 321 1251 360 p.
1289 310 1374 344 132.
1402 318 1463 358 sp.
1493 311 1531 354 4.

604 381 729 421 Ulula
756 379 920 434 longius
950 378 1080 419 aurita
1109 381 1224 421 Zool.
1257 380 1401 420 britan.
1433 395 1529 435 pag.
1562 395 1626 432 70.
1657 393 1716 434 sp.
1754 395 1785 418 1.
1833 379 1916 420 tab.
1947 381 1993 421 B.
2019 390 2057 432 4.

647 458 731 510 fig.
770 461 808 495 1!
839 457 986 508 (bona)
1016 455 1131 496 Zool.
1165 467 1263 497 arct.
1294 458 1348 495 Π.
1378 472 1417 511 p.
1450 472 1540 505 229.

604 536 661 573 Le
691 532 830 572 Hibou
858 545 911 570 ou
941 545 1092 585 moyen
1123 534 1214 571 Duc
1244 533 1405 584 Buffon.
1438 532 1583 571 ornith.
1612 532 1644 570 I.
1690 547 1728 586 p.
1760 537 1851 580 342.
1883 531 1966 570 tab.
2000 537 2062 572 23,

605 609 730 662 Stryx
761 607 994 656 deminuta,
1026 608 1131 647 PaZZ.
1162 612 1247 647 itin.
1277 609 1328 645 II.
1360 607 1534 661 append.
1565 623 1603 661 p.
1636 622 1728 658 707.
1759 622 1796 646 n.
1834 615 1892 655 14.

604 684 846 738 Longearecl
877 682 994 730 Owl,
1024 684 1211 722 Latham.
1242 698 1333 735 syn.
1365 698 1429 721 av.
1460 684 1493 722 Ι.
1524 698 1564 736 p.
1593 698 1677 720 121.
1708 696 1768 736 sp.
1793 688 1830 722 5.
1861 692 1905 721 et
1933 697 1972 736 p.
1998 688 2063 723 28.

657 774 717 814 sp.
756 767 813 807 14.
847 762 889 809 (e
920 771 1153 811 synonymo
1183 756 1429 811 duplicata).

524 833 707 874 Nomina
755 833 927 872 barbara
965 831 1015 870 ad
1059 843 1299 886 seque-ntem
1341 831 1558 885 alleganda
1600 829 1726 871 etiam
1768 829 1868 872 huic
1910 831 2062 888 speciei

389 908 595 966 applicari
624 908 749 962 vulgo
779 907 927 947 solent.

523 984 690 1038 Ubique
721 998 816 1023 cum
845 981 1136 1037 praecedenti,
1170 983 1306 1023 minus
1336 993 1476 1022 tamen
1506 982 1698 1036 frequens
1728 981 1928 1021 occurrit:
1959 981 2067 1022 mihi

384 1059 431 1099 in
471 1058 715 1099 australibus
754 1057 946 1106 Rossiae‚
991 1057 1229 1113 pariterque
1272 1058 1315 1097 in
1358 1056 1595 1098 borealibus
1638 1055 1846 1096 citerioris
1889 1056 2068 1098 Sibiriae

386 1135 624 1183 observata,
658 1150 679 1173 a
708 1134 1161 1174 Messerschmidio
1191 1134 1319 1174 etiam
1349 1133 1393 1173 in
1422 1132 1619 1172 ulteriore
1650 1131 1816 1172 Sibilia.
1885 1135 1933 1171 In
1962 1135 2067 1172 Tau-

386 1210 473 1250 riae
505 1209 683 1249 vallibus
714 1207 944 1248 nemorosis
986 1222 1069 1247 non
1110 1208 1364 1264 infrequens.
1436 1208 1631 1256 Volatus,
1675 1219 1721 1247 ut
1758 1208 1845 1246 fere
1874 1207 2066 1247 omnibus

388 1284 606 1338 Strygibus
636 1283 767 1329 lenis,
797 1282 945 1331 silens,
988 1293 1191 1323 nocturno
1229 1284 1429 1338 mysterio
1472 1283 1776 1323 accomodatus.
1846 1283 2069 1323 NiduZaLur

386 1358 433 1399 in
461 1357 626 1414 rupium
655 1357 804 1398 fissuris
836 1368 878 1396 et
906 1357 1122 1397 ruderibus
1151 1358 1316 1413 passim.
1375 1359 1543 1398 Plumae
1575 1361 1848 1398 auricularum
1875 1356 1996 1412 hujus
2026 1369 2069 1398 et

386 1433 676 1490 praecedentis
708 1449 729 1472 a
758 1432 897 1472 Rossis
928 1442 970 1471 et
997 1432 1157 1471 Tataris
1187 1433 1231 1472 in
1255 1432 1407 1473 Sibiria
1429 1448 1504 1488 pro
1526 1432 1890 1488 praestantissimis
1912 1432 2068 1473 haben-

391 1519 456 1549 tur
484 1509 649 1557 illiciis,
682 1507 808 1548 hamo
840 1507 1077 1561 affigendis‚
1107 1509 1158 1547 ad
1189 1508 1323 1563 pisces
1352 1522 1520 1563 rapaces
1551 1507 1837 1562 decipiendos.

526 1585 696 1624 Descr.
757 1582 978 1624 Coloribus
1008 1584 1111 1623 adeo
1142 1582 1291 1623 similis
1335 1595 1396 1623 est
1424 1584 1607 1630 Bubom',
1650 1595 1694 1622 ut
1736 1582 1817 1622 nisi
1859 1594 1944 1624 tam
1986 1584 2069 1623 late

388 1658 578 1699 differret
608 1658 871 1713 magnitudo,
917 1658 989 1698 vix
1019 1658 1361 1712 distingueretur:
1402 1661 1513 1700 Mole
1551 1658 1624 1698 vix
1655 1658 1877 1699 Cornicem
1907 1669 2068 1713 aequat.

388 1736 578 1775 Rostrum
620 1735 813 1789 nigrum,
865 1733 955 1773 basi
998 1733 1204 1778 lividum,
1255 1733 1428 1774 maxilla
1472 1733 1670 1773 inferiore
1714 1734 1831 1788 apice
1874 1733 2069 1788 utrinque

390 1809 666 1863 emarginata‚
702 1820 747 1849 ut
775 1808 936 1861 majori.
958 1833 1012 1839 ———
1041 1809 1166 1863 Pepla
1195 1808 1368 1857 minora,
1400 1808 1557 1848 circulo
1587 1808 1708 1862 nigro
1737 1808 1955 1848 evidenter
1983 1808 2070 1848 cin-

390 1895 478 1933 cta,
523 1883 595 1938 qui
636 1898 719 1923 non
763 1894 932 1938 apparet
973 1882 1017 1922 in
1058 1883 1252 1929 Bubone,
1296 1882 1359 1922 uti
1400 1897 1477 1922 nec
1513 1896 1605 1921 area
1634 1883 1772 1922 lunata
1804 1895 1897 1923 ante
1927 1884 2070 1923 oculos

390 1971 490 2000 atra.
549 1961 766 2000 Cornicula
795 1957 955 1997 minora
986 1973 1008 1997 e
1037 1957 1231 2012 pennulis
1261 1957 1429 1997 circiter
1456 1957 1613 2012 quinis,
1659 1973 1785 2012 quum
1821 1958 1865 1998 in
1896 1959 2069 1998 Bubone

391 2049 512 2091 saepe
542 2034 785 2075 contineant
814 2045 1003 2088 septenas
1033 2044 1076 2072 et
1103 2033 1222 2073 ultra.
1302 2033 1503 2074 Tectrices
1541 2033 1629 2073 alae
1660 2032 1926 2073 secundariae
1957 2044 2070 2073 exte—

391 2110 475 2150 rius
504 2109 677 2150 maculis
706 2108 810 2148 albis
840 2108 1157 2164 marginalibus,
1202 2107 1541 2148 evidentissimis.
1606 2109 1732 2149 Pedes
1772 2108 1903 2163 magis
1945 2109 2068 2148 111165-

392 2197 556 2234 centes,
585 2200 722 2240 neque
751 2184 1024 2224 undulati.-—
1054 2186 1177 2224 Color
1205 2199 1324 2239 supra
1352 2183 1483 2238 magis
1512 2182 1777 2238 fuliginosus3
1815 2185 1954 2224 subtus
1983 2183 2067 2238 pal-

393 2245 479 2301 lide
510 2260 785 2315 ferrugineus‚
817 2274 951 2315 neque
981 2259 1156 2307 albicat,
1191 2271 1236 2299 ut
1264 2259 1308 2298 in
1338 2260 1523 2300 Bubone.
1594 2261 1761 2300 Plumae
1789 2258 1943 2313 ubique
1973 2257 2066 2297 litu-

392 2334 448 2374 ris
475 2335 849 2390 longitudinalibus
878 2346 1064 2385 notatae,
1095 2337 1168 2376 sed
1198 2334 1326 2375 rarius
1356 2335 1594 2375 undulatae.
1651 2336 1804 2374 Remex
1829 2333 1982 2372 extima
2006 2342 2066 2370 to-

395 2420 440 2453 to
462 2409 664 2465 margine,
697 2411 890 2466 proxima
909 2426 1036 2468 usque
1058 2413 1110 2455 ad
1131 2410 1318 2454 medium
1339 2421 1529 2452 serratae.
1571 2409 1790 2467 *Tecti-ices
1817 2407 1955 2448 subtus
1985 2421 2065 2445 ma-
