2196 2927
1192 192 1336 200 4.-

760 273 985 325 XXXV.
1074 273 1779 325 BALAENAE.

573 395 621 432 In
650 406 800 447 genere
829 394 1090 433 observatum
1120 392 1197 433 fuit
1228 392 1429 441 Cetacea,
1468 391 1567 432 inde
1598 392 1647 432 ab
1678 391 1787 433 ostio
1818 394 1953 434 Lenae
1982 408 2108 450 usque

435 168 520 210 088
1191 175 1337 189 ''¹'’—

437 469 490 508 ad
526 467 852 523 promontorium
882 484 1041 509 sacrum
1072 470 1263 522 (Swaetoi
1291 469 1417 520 Nos,)
1459 467 1636 508 Sibiriae
1673 467 1855 508 maxime
1898 470 2110 510 borealem

436 554 618 600 partem,
649 554 816 599 propter
846 543 1001 584 vicinas
1031 555 1073 583 et
1102 543 1318 584 continuas
1348 543 1524 597 glacies,
1555 543 1668 583 nulla
1692 543 1862 584 omnino
1886 545 2109 586 observari.

437 619 540 658 Inde
581 630 718 658 autem
748 634 770 657 a
806 620 911 658 freto
950 618 1154 673 Bet-ingii,
1198 633 1272 673 per
1316 632 1483 658 omnem
1519 618 1769 658 orientalem
1812 620 2028 660 Oceanum
2069 631 2111 660 et

438 708 568 748 usque
599 693 641 733 in
671 694 781 734 sinus
810 693 1062 735 Ochotensis
1091 709 1272 734 secessus
1302 693 1612 748 copiosissimae
1643 705 1861 747 vagantur,
1905 705 1947 735 et
1977 694 2109 735 homi-

437 784 533 810 nem
577 769 750 809 minime
790 769 963 815 timent,
1006 768 1161 823 quippe
1204 784 1226 807 a
1263 769 1556 821 jaculatoribus
1584 784 1728 823 parum
1761 768 1896 809 adhuc
1926 770 2109 810 termae.

438 848 485 884 In
515 859 665 899 genere
694 856 833 884 tamen
863 844 974 884 mole
1004 843 1163 883 minora
1193 844 1483 890 observantur,
1514 858 1635 897 quam
1660 859 1763 898 quae
1791 844 1834 884 in
1867 844 1971 884 mari
1994 845 2111 885 arcti-

437 935 488 960 co
518 920 626 960 inter
655 923 862 975 Europam
903 931 943 958 et
973 918 1211 958 Americam
1243 929 1475 958 occurrunt.
1547 919 1817 959 Balaenarum
1848 935 2031 975 quoque,
2077 920 2112 960 si

439 997 537 1035 fides
569 994 741 1041 accolis,
772 999 902 1049 major
930 994 972 1034 in
998 994 1269 1034 orientahbus
1292 993 1472 1033 maribus
1491 994 1722 1049 specierum
1747 1010 1959 1041 numerus,
1989 1009 2114 1049 quam

444 1070 565 1109 nobis
597 1068 809 1126 hucusque
840 1069 1042 1116 innotuit,
1084 1068 1241 1108 dicitur
1268 1083 1503 1118 occurrere,
1546 1069 1725 1123 ideoque
1756 1085 1837 1109 non
1869 1069 1947 1109 erit
1977 1085 2112 1124 super-

443 1146 565 1184 fluum
595 1144 664 1185 h-ic
695 1161 934 1186 enumerare
964 1155 1166 1200 quotquot
1189 1159 1211 1182 e
1235 1143 1505 1184 relationibus
1536 1143 1891 1200 hyperboreorum
1913 1145 2112 1200 colligere

443 1221 584 1259 datum
615 1221 691 1260 suit
722 1222 954 1276 specierum
987 1221 1053 1260 vel
1082 1220 1329 1259 varietatum
1358 1221 1538 1259 umbras:

582 1312 612 1334 1.
645 1295 832 1335 Maxima
861 1296 1040 1335 Balaena
1071 1294 1302 1348 Canagicae
1333 1294 1563 1333 aleutorum
1593 1294 1734 1349 lingua
1760 1293 1991 1349 appellatur
2017 1296 2113 1335 Um-

437 1372 590 1423 gullz'c,
621 1385 764 1424 quam,
797 1371 829 1410 si
860 1371 960 1410 fides
990 1371 1136 1417 verbo,
1178 1368 1321 1409 dicunt
1359 1370 1409 1408 ad
1438 1369 1741 1424 quinquaginta
1780 1384 1998 1423 orgyarum
2027 1369 2113 1409 lon-

442 1444 678 1498 gitudinem
708 1459 962 1485 excrescere.
1028 1447 1221 1484 Laminae
1250 1455 1390 1483 tamen
1420 1459 1596 1484 corneae
1627 1444 1693 1484 illi
1723 1446 1888 1493 breves,
1928 1444 2114 1491 inutiles,

440 1519 522 1573 nisi
550 1534 624 1574 pro
654 1519 881 1560 asserentis.
942 1524 1013 1560 Est
1042 1519 1146 1559 haec
1176 1533 1321 1574 parum
1350 1518 1534 1574 pinguis,
1565 1519 1739 1559 minime
1765 1519 1808 1558 in
1833 1521 1967 1558 dorso.
2014 1521 2114 1559 Ven-

442 1604 501 1634 ter
528 1594 692 1649 planus,
731 1595 841 1649 rugis
870 1606 1023 1643 aratus3
1065 1610 1157 1635 ossa
1187 1609 1269 1635 nou
1301 1595 1524 1634 admodum
1555 1605 1784 1650 compacta.
1858 1597 1943 1647 (An
1975 1595 2114 1634 Balae-

442 1685 495 1709 na
524 1669 771 1724 Mysticetus
783 1674 817 1723 2)

582 1760 618 1784 2.
649 1746 827 1784 Balaena
858 1744 1065 1800 Canagice
1096 1746 1356 1791 Culammak,
1395 1745 1446 1784 ad
1484 1744 1655 1798 triginta
1686 1758 1904 1798 orgyarum
1935 1744 2111 1798 longitu-

445 1818 589 1858 dinem
619 1818 773 1858 dic-itur
809 1820 1025 1873 attingere.
1095 1822 1288 1859 Laminae
1326 1834 1502 1858 corneae
1546 1819 1644 1858 huic
1681 1819 1964 1873 longissimae,
2009 1820 2059 1858 ad
2091 1836 2110 1858 εὶ

446 1905 592 1947 orgyas
634 1895 882 1948 quandoque
925 1905 1201 1948 assurgentes,
1241 1906 1266 1933 e
1307 1907 1478 1948 quarum
1509 1893 1619 1934 fibris
1650 1895 1754 1934 retia
1784 1906 1824 1934 et
1855 1894 2030 1934 chordas
2060 1900 2108 1934 80

445 1968 635 2023 orgyales
664 1979 738 2023 pro
767 1968 926 2023 magnis
956 1967 1089 2008 hamis
1131 1980 1339 2023 torquent.
1406 1969 1468 2008 Ex
1499 1985 1579 2009 una
1608 1970 1761 2009 lamina
1799 1971 2005 2024 prodeunt
2032 1969 2114 2016 fila,

446 2058 551 2100 quae
580 2043 700 2084 nodis
729 2058 919 2084 connexa
947 2043 1117 2098 triginta
1159 2059 1376 2099 orgyarum
1422 2044 1727 2099 longitudinem
1770 2045 1954 2100 explent.
2024 2045 2113 2082 Pirr-

442 2121 615 2174 guedine
644 2119 760 2159 dives
790 2131 870 2166 est3
901 2122 1033 2168 forma
1061 2120 1244 2174 corporis
1273 2119 1550 2174 cylindracea.
1623 2121 1728 2161 Ossa
1759 2122 1808 2160 ad
1839 2118 2113 2160 construenda

446 2195 608 2250 tuguria
637 2205 678 2234 et
706 2194 986 2250 pronipttiaria
1017 2194 1280 2235 adhibentur.

583 2278 619 2312 3.
650 2269 826 2310 Balaena
856 2270 1052 2310 Allamak
1094 2268 1301 2324 Canagice
1343 2269 1476 2318 dicta,
1524 2285 1732 2324 nunquam
1764 2278 1784 2312 5
1817 2269 1954 2324 orgyis
1982 2270 2110 2319 major

447 2359 533 2384 esse
563 2346 681 2385 solet.
738 2344 945 2399 Ptnguedo
974 2345 1103 2386 multa
1135 2355 1178 2385 et
1206 2360 1299 2386 ossa
1329 2357 1567 2401 compacta,
1610 2346 1681 2385 sed
1724 2350 1897 2386 laminae
1938 2356 2110 2383 corneae

446 2417 511 2459 illi
541 2419 697 2460 breves.
