2196 2927
422 179 509 222 154
1178 178 1320 201 ΞΣ

416 279 568 320 nullae.
627 276 762 332 Caput
791 276 1005 325 obtusum,
1039 278 1143 316 oculi
1172 273 1351 315 minimi.
1411 274 1556 314 cauda
1586 274 1709 314 exilis
1732 276 1799 314 vel
1823 276 1948 317 nulla.
2005 277 2089 317 Sub

414 353 596 409 caespite
628 352 790 392 canales
820 351 1003 400 fodiunt,
1036 350 1278 391 cumulatim
1307 361 1445 405 egesta
1475 360 1596 390 terra.
1655 353 1753 390 Non
1783 350 2009 405 sopiuntur.

553 435 589 468 3.
622 428 912 468 CRICETUS.
971 428 1120 467 Dentes
1149 425 1347 466 incisores
1387 425 1616 481 superiores
1648 425 1944 474 cestriformes‚
1989 426 2091 467 infe-

413 503 541 543 riores
571 502 763 542 subulati.
822 504 980 542 Buccae
1009 501 1296 549 sacculiferae3
1335 512 1510 541 rostrum
1542 500 1938 556 productiusculum.
1998 503 2093 542 Cor-

415 594 489 633 pus
517 579 642 618 breve
672 577 978 618 rectiusculum.
1036 578 1162 618 Pedes
1191 576 1399 631 grossorii.
1457 577 1676 617 Auriculae
1702 577 1943 631 productae.
1989 577 2092 616 Cau-

413 655 468 693 da
496 653 649 693 brevis.
709 652 934 693 Cuniculos
965 668 1059 692 cum
1088 651 1380 707 promptuariis
1418 653 1491 691 sub
1528 663 1636 692 terra
1666 651 1851 700 fodiunt,
1891 650 1964 691 ubi
1993 649 2092 705 hye-

412 744 524 768 mem
553 727 694 783 quiete
723 727 973 781 transigunt,
1015 727 1191 766 solitarii
1222 727 1288 766 vel
1317 726 1567 781 monogami.
1627 726 1792 766 Diurni.

547 813 586 853 4.
618 805 747 843 MUS.
805 804 956 842 Dentes
982 801 1179 841 incisores
1210 817 1328 855 supra
1366 803 1662 851 cestriformas‚
1705 802 1811 841 infra
1853 801 2095 856 compressi,

411 878 606 918 subulati.
664 880 854 918 Rostrum
882 877 1003 917 valde
1034 877 1303 931 productum3
1334 877 1553 916 Auriculae
1574 876 1777 931 insignes,
1809 876 2092 916 nudiusculae.

411 955 568 1009 Corpus
598 954 914 1007 conglobatum,
960 966 1095 1006 gressu
1133 951 1396 991 subsultorio.
1463 952 1607 992 Cauda
1644 952 1788 1004 longa,
1834 950 2093 1000 nudiuscula,

410 1029 617 1068 annulata.
674 1028 923 1067 Nidulantur
962 1027 1006 1066 in
1048 1025 1218 1066 latebris
1261 1025 1407 1075 variis,
1451 1041 1562 1081 penu
1599 1025 1779 1074 incerta,
1822 1036 1910 1065 tota
1939 1024 2093 1081 hyeme

409 1117 550 1158 vagae.
610 1103 834 1156 Pleraeque
864 1103 1122 1156 noctivagae.

549 1184 585 1218 5.
619 1178 865 1217 MYODES.
924 1179 1073 1217 Dentes
1102 1176 1301 1217 incisores
1331 1192 1451 1231 supra
1482 1175 1779 1224 cestriformes‚
1823 1174 1930 1216 infra
1973 1177 2091 1216 subu-

409 1250 499 1291 lati.
557 1252 747 1291 Rostrum
775 1253 987 1298 obtusum3
1026 1252 1246 1291 Auriculae
1275 1250 1455 1305 plicatae
1486 1251 1642 1289 vellere
1673 1250 1862 1289 latentes.
1935 1252 2092 1306 Corpus

409 1325 722 1374 rectiusculum,
761 1325 937 1380 pedibus
968 1325 1192 1379 gressoriis.
1251 1325 1396 1365 Cauda
1427 1324 1685 1373 abbreviata,
1724 1324 1947 1379 subpilosa.
2014 1327 2091 1366 Cu-

407 1405 563 1442 niculos
592 1402 665 1441 sub
696 1412 823 1450 terra,
856 1416 950 1441 cum
979 1400 1274 1455 promptuariis
1303 1399 1485 1449 fodiunt,
1529 1411 1572 1440 et
1613 1399 1766 1456 hyeme
1808 1401 1940 1440 latent
1977 1399 2091 1441 haud

409 1490 648 1531 soporowe,
677 1476 901 1530 pleraeque
932 1475 1130 1515 minutae.

542 1552 793 1591 MYOXUS.
851 1552 1001 1589 Dentes
1030 1549 1231 1604 primores
1261 1563 1380 1604 supra
1410 1549 1707 1597 cestrisorrnes,
1746 1548 1853 1588 infra
1882 1563 2087 1606 compres-

406 1623 459 1673 si,
493 1624 616 1664 acuti.
675 1626 865 1665 Rostrum
893 1625 1160 1679 productum3
1205 1628 1408 1665 auriculae
1438 1624 1713 1680 prominulae.
1788 1626 1944 1680 Corpus
1991 1641 2088 1666 con·
2111 1651 2117 1657 -»

403 1700 636 1754 globatum,
667 1700 843 1755 pedibus
874 1699 1146 1740 subsultoriiS.
1206 1700 1351 1740 Cauda
1380 1700 1523 1754 longa,
1556 1699 1725 1750 villosa,
1756 1710 1877 1741 teres.
1936 1704 2086 1741 Latent

404 1774 449 1816 in
479 1776 669 1815 arborum
700 1775 831 1825 cavis,
872 1774 1026 1830 hyeme
1056 1774 1226 1829 torpidi.

542 1869 580 1903 7.
610 1853 786 1891 DIPUS.
845 1853 995 1891 Dentes
1022 1849 1224 1906 primores
1255 1849 1417 1889 debiles
1447 1864 1567 1905 supra
1597 1849 1754 1900 obtusi,
1798 1851 1937 1890 subt-us
1967 1852 2083 1891 obtu-

403 1924 594 1966 siusculi:
637 1928 827 1967 Rostrum
855 1938 1109 1975 truncatum,
1154 1928 1359 1965 auriculae
1397 1940 1591 1980 magnae,
1635 1925 1917 1966 nudiusculae.
1989 1927 2084 1966 Cor·

402 2017 477 2057 pus
504 2000 676 2042 thorace
707 2014 989 2056 angustatum,
1034 2000 1209 2056 pedibus
1258 2000 1407 2040 anticis
1444 2000 1635 2050 minutis,
1681 2005 1846 2055 posticis
1888 2000 2083 2041 maximis

400 2076 635 2117 saltatoriis.
696 2078 841 2118 Cauda
871 2076 1132 2131 longissima,
1164 2075 1355 2124 elastica,
1392 2075 1510 2132 apice
1540 2075 1638 2133 pilis
1668 2086 1861 2131 pennata.
1934 2079 2084 2117 Latent

397 2151 625 2202 cuniculis,
657 2153 892 2207 noctivagi,
922 2152 1076 2207 hyeme
1106 2151 1276 2207 torpidi.

535 2230 648 2266 Haec
678 2238 838 2282 septem
869 2243 1018 2282 genera
1049 2227 1245 2268 videntur
1272 2242 1391 2283 posse
1421 2225 1645 2282 distingui,
1688 2237 1733 2267 ut
1776 2227 1894 2266 turba
1925 2225 2081 2281 specie·

397 2313 488 2339 rum
517 2300 787 2349 distrahatur;
818 2318 952 2357 neque
983 2302 1112 2357 magis
1142 2302 1343 2343 Viverrae
1374 2319 1396 2342 a
1427 2302 1643 2351 Mustells,
1684 2303 1751 2343 vel
1782 2302 1875 2342 Ursi
1905 2318 1927 2340 a
1957 2299 2079 2340 Cani-

398 2373 474 2416 bus
504 2374 724 2418 dissociata
753 2377 966 2428 videntur3
1010 2391 1144 2433 neque
1182 2377 1317 2418 Sciuri
1346 2388 1388 2418 et
1418 2378 1607 2425 Castores
1650 2392 1672 2417 a
1714 2377 1882 2418 Murino
1925 2390 2078 2430 genere
