2196 2927
892 187 1041 202 “”““““
1710 189 1795 231 235

142 287 219 330 tias
247 299 289 328 et
320 285 608 343 quotidianum
637 285 721 326 fere
750 284 889 326 cibum
917 285 1100 341 praebet.
1159 286 1270 326 Haec
1292 286 1610 341 precedentibus
1640 302 1803 344 semper

142 363 353 418 grandior,
403 363 446 402 in
488 373 661 416 utroque
705 375 803 400 sexu
841 360 1001 414 saepius
1043 370 1229 405 cornuta,
1269 360 1478 401 interdurn
1519 363 1801 413 multicomis3

140 453 319 491 coccyge
348 437 465 477 brevi
493 437 586 475 loco
616 435 789 482 caudae,
819 435 891 473 sed
921 450 1050 474 massa
1080 434 1248 488 adiposa
1278 435 1478 482 maxima,
1508 439 1647 477 subtus
1677 440 1801 488 nuda,

142 512 313 566 didyma
352 511 521 565 stipat03
565 513 647 563 pilo
691 507 839 561 magis,
884 524 1007 563 quam
1043 508 1136 547 lana
1165 508 1333 555 vestitam
1375 520 1500 550 rostro
1532 513 1651 552 valde
1681 513 1799 564 simo,

139 600 261 640 saepe
300 585 534 632 maculoso,
586 582 779 638 pendulis
822 584 998 623 aurzbus.
1070 585 1230 623 Cornua
1267 583 1464 623 arietibus
1503 601 1625 640 saepe
1664 599 1799 638 terna,

140 671 355 714 quaterna,
399 657 545 712 quina,
588 657 714 697 rarius
745 672 835 706 sex,
881 669 1039 713 septem
1070 659 1136 698 vel
1166 669 1281 705 octo,
1324 659 1483 708 lunata,
1527 660 1637 699 circa
1679 675 1803 717 caput

139 732 410 787 divergentia.
467 734 633 772 Statura
663 733 771 787 apud
801 734 1043 774 Calmuccos
1066 734 1308 784 majuscula,
1340 737 1468 787 major
1491 737 1599 791 apud
1619 736 1805 790 «Kirgiso-

138 819 308 853 tataros,
362 809 470 862 apud
510 808 728 861 Mongolos
770 808 972 858 maxima,
1025 809 1170 848 Asello
1208 823 1289 847 non
1332 808 1515 849 inferior.
1590 811 1803 866 Salsugine

137 881 380 937 praesertim
410 893 451 921 et
481 882 644 929 salinis,
681 882 910 937 amarisque
947 883 1108 938 pascuis
1139 882 1416 931 delectantur3
1455 901 1477 924 a
1507 885 1674 926 mitibus
1709 886 1800 927 her-

138 956 202 996 bis
232 967 273 996 et
303 957 552 997 succulentis
580 957 740 1012 pascuis
771 958 855 997 cito
895 970 1172 1005 macrescunt‚
1215 970 1257 998 et
1293 959 1497 1014 prioribus
1536 961 1806 1003 varietatibus

138 1031 381 1072 commissae
413 1033 635 1086 degeneres
668 1034 919 1086 producunt,
960 1034 1162 1088 uropygio
1192 1033 1362 1088 adiposo
1391 1046 1575 1075 carentes
1604 1047 1646 1076 et
1675 1036 1806 1078 mino‘-

140 1122 214 1146 res.
273 1109 388 1145 Hane
417 1106 659 1146 varietatem
690 1107 881 1161 Argalidi
909 1108 1153 1163 praesertim
1182 1120 1318 1149 ortum
1348 1110 1520 1156 debere,
1550 1111 1620 1150 vix
1644 1111 1804 1153 dubito.

273 1189 312 1229 4.
342 1182 626 1233 Brachyurae,
658 1182 865 1228 boreales,
893 1182 937 1222 in
968 1182 1111 1221 Rossia
1144 1183 1352 1236 vulgares,
1389 1184 1633 1239 plerumque
1663 1201 1805 1226 excor-

137 1269 232 1301 nes,
269 1253 545 1302 minusculae,
581 1259 677 1296 lana
707 1255 821 1302 rudi,
863 1257 995 1296 cauda
1026 1272 1047 1294 a
1078 1255 1296 1295 nativitate
1334 1257 1612 1307 breviuscula,
1657 1274 1807 1314 pauco-

138 1344 228 1369 rum
265 1329 553 1378 articulorum,
583 1330 671 1370 sine
702 1330 837 1385 adipe.
896 1333 935 1370 A
965 1331 1131 1370 climate
1160 1341 1201 1370 et
1230 1331 1390 1386 pascuis
1420 1332 1553 1373 minus
1584 1334 1707 1388 gratis
1737 1336 1807 1377 de-

140 1403 318 1454 minuta,
350 1402 395 1442 ni
424 1404 565 1452 fallor,
594 1404 756 1444 misella
787 1404 976 1444 varFetas.

275 1480 420 1518 Nota.
478 1482 624 1534 Nuper
653 1478 780 1518 etiam
809 1477 1024 1533 hispanica
1054 1480 1292 1534 progenies,
1323 1493 1362 1521 et
1396 1480 1621 1537 hungarica
1647 1500 1698 1526 ex
1722 1485 1806 1528 his-

141 1552 291 1607 panica
322 1563 430 1599 orta,
460 1564 502 1592 et
531 1554 793 1607 streps³ceros
835 1553 1011 1592 varietas
1048 1554 1174 1594 Thra
1187 1555 1250 1593 iae
1288 1566 1329 1594 et
1367 1558 1602 1597 Pannoniae
1639 1560 1808 1615 inquili-

140 1643 212 1673 na,
244 1627 351 1681 apud
380 1642 453 1667 nos
484 1627 756 1667 introductae.
817 1630 928 1666 Inter
956 1629 1303 1678 coerulesoentes,
1335 1636 1544 1672 varietatis
1568 1651 1605 1681 γ.
1636 1628 1806 1676 nascun-

139 1712 206 1740 tur
234 1715 354 1755 saepe
386 1701 480 1755 agni
510 1701 639 1755 nigri,
678 1701 745 1740 vel
783 1701 919 1756 capite
948 1702 1065 1756 nigro
1096 1704 1321 1757 variegato;
1361 1705 1414 1744 Hi
1451 1707 1585 1747 solent
1622 1712 1809 1760 mactari,

143 1790 193 1814 ne
231 1790 399 1830 gregem
435 1776 735 1816 contaminent.
807 1777 1092 1815 Excluduntur
1141 1779 1267 1818 etiarn
1313 1780 1407 1832 agni
1456 1781 1530 1834 qui
1571 1783 1676 1823 facie
1713 1788 1807 1828 alba

144 1861 382 1896 nascuntur,
412 1862 555 1906 utpote
586 1851 745 1891 debiles
775 1862 817 1889 et
846 1852 1133 1906 propagandae
1160 1868 1285 1906 purae
1312 1853 1430 1908 stirpi
1456 1855 1638 1898 inutiles.
1694 1862 1807 1915 Agni

114 1913 421 1977 *pulcherrime
453 1926 759 1965 coerulesccnte
790 1925 904 1971 cani,
942 1927 1081 1965 subtus
1118 1927 1360 1982 plerumque
1390 1931 1502 1970 fusco
1532 1943 1624 1971 sunt
1651 1935 1805 1978 colore.

147 1998 312 2036 Velleris
340 1998 383 2037 in
421 1999 611 2040 omnibus
648 2001 739 2038 lana
778 2000 1013 2039 duriuscula
1049 2000 1239 2046 elasam,
1276 2002 1319 2041 in
1355 2003 1562 2056 elegantes
1600 2006 1806 2052 circinnos

146 2071 342 2124 cr‘spata‚
373 2073 487 2112 velut
515 2073 748 2113 calamistro
778 2074 1020 2127 composita.
1086 2075 1219 2113 Pelles
1249 2076 1489 2128 praesertim
1519 2078 1562 2117 in
1592 2082 1807 2127 Poloniam

147 2144 408 2184 devehuntur
437 2157 478 2185 et
508 2162 630 2201 saepe
667 2147 803 2200 quinis
839 2148 1098 2186 Rublonibus
1139 2148 1320 2201 singulae
1357 2164 1574 2192 vaeneunt.
1642 2157 1808 2201 Dicitur

148 2218 251 2259 haec
282 2219 455 2259 varietas
484 2220 528 2259 in
558 2221 685 2260 natali
715 2221 801 2260 solo
832 2237 854 2260 a
882 2222 1023 2276 pabuli
1061 2234 1202 2262 natura
1240 2225 1480 2278 praesertin]
1517 2239 1617 2268 orta.
1684 2233 1808 2275 Certe

147 2294 190 2333 in
221 2293 312 2333 aliis
343 2293 591 2335 Chersonesi
621 2295 723 2335 locis
753 2297 989 2350 degenerat.
1047 2298 1244 2337 Abundat
1282 2311 1417 2339 autem
1455 2303 1698 2359 praecipue,
1735 2310 1809 2351 ubi

147 2383 296 2424 pascua
334 2373 442 2423 ejus,
473 2370 630 2425 species
661 2370 914 2413 Centaureae
953 2372 1332 2427 (Myrianthemam
1360 2375 1478 2430 dixi)
1514 2381 1808 2435 ramosissima,

1368 2455 1386 2476 Ἰ
