2196 2927
396 181 456 231 95
1156 181 1299 206 Ξ

400 302 558 332 arctoas
587 286 791 343 regiones.
862 283 1038 340 Capitur
1065 292 1235 338 propter
1261 281 1393 338 pelles
1422 279 1770 335 elegantissimas,
1809 297 1934 337 quae,
1974 282 2077 322 licet

399 379 587 411 tenerae,
628 363 672 402 in
702 359 900 416 pelliceas
931 370 1065 399 vestes
1093 369 1288 399 consutae
1332 357 1404 397 diu
1444 358 1592 397 durant
1621 368 1664 396 et
1693 367 1786 396 sunt
1815 356 2076 398 candidiores

401 438 621 481 Ermineis.
693 435 828 491 Magis
870 433 1108 484 familiaris,
1153 449 1276 489 quam
1320 431 1581 482 Ermineum,
1627 433 1678 472 ad
1727 432 1871 473 domos
1900 432 2079 473 libenter

402 513 584 562 accedit,
627 513 754 568 inque
785 510 976 551 domibus
1006 521 1047 549 et
1076 507 1341 564 promtuariis
1371 507 1626 564 hospitatur,
1675 522 1824 563 magno
1861 506 2082 548 hominum

401 591 706 637 emolumento,
738 587 836 643 quia
866 601 1000 626 mures
1030 583 1228 624 radicitus
1259 583 1455 633 destruit,
1504 582 1589 623 imo
1620 586 1766 623 Rattos
1810 582 1853 622 in
1896 582 2083 623 latibulis

404 665 485 706 suis
528 663 724 704 debellat.
797 663 843 700 In
887 675 1013 700 cavea
1056 658 1210 700 nutrita
1248 658 1414 700 homini
1448 658 1534 699 cito
1566 657 1791 707 adsuescit,
1837 673 1914 698 nec
1943 669 2084 698 tamen

403 741 641 782 mordacem
671 748 860 776 naturam
889 734 1026 784 exuit,
1054 740 1113 774 'et
1154 734 1397 790 praesertim
1439 733 1633 774 famelica
1663 749 1862 789 perquam
1900 732 2087 774 irascibi-

403 816 456 858 lis
486 827 527 855 et
555 812 742 868 inquieta
772 822 959 864 vagatum
1006 820 1185 849 saturata
1215 809 1383 850 dormit.
1442 813 1513 849 Est
1544 821 1683 849 autem
1713 809 1998 859 voracissima,
2043 820 2089 849 ut

404 891 668 938 Ermineum,
715 898 756 927 et
794 885 917 927 facile
947 900 1022 940 per
1052 884 1165 925 diem
1194 887 1356 941 pondus
1387 883 1524 940 seipso
1568 888 1697 939 majus
1741 886 1925 926 devorat.
1997 888 2088 924 Imo

404 983 483 1009 nec
513 962 913 1017 consanguineorum
943 959 1206 1009 animalium,
1238 962 1394 1000 nedum
1424 960 1603 1008 Putorii‚
1648 975 1790 1000 carnes
1819 960 1995 1014 respuit,
2026 959 2090 999 uti

407 1058 483 1082 nec
507 1039 762 1087 Ermineum,
794 1037 905 1091 quod
928 1034 1047 1075 famis
1078 1047 1200 1090 atque
1230 1035 1320 1074 sitis
1351 1045 1412 1074 est
1440 1034 1618 1089 patiens.
1676 1037 1748 1073 Est
1777 1046 1936 1081 autem,
1966 1049 2090 1089 quam

408 1116 509 1165 hoc,
541 1113 672 1168 magis
701 1111 914 1152 siticulosa
943 1122 985 1150 et
1015 1111 1160 1151 crebro
1189 1121 1307 1166 potat
1336 1110 1582 1159 lambendo,
1622 1121 1667 1149 ut
1697 1110 1811 1149 feles.
1884 1110 1990 1151 Cum
2019 1108 2093 1149 hu-

409 1190 578 1233 mefecit
608 1189 735 1244 pedes
765 1188 832 1227 vel
862 1187 1014 1234 vellus,
1047 1186 1290 1234 lambendo,
1323 1196 1365 1225 et
1395 1185 1439 1224 in
1469 1184 1570 1224 nido
1601 1200 1643 1225 se
1674 1185 1901 1225 volutando
1932 1197 2094 1240 purgat.

412 1265 649 1308 convoluta
677 1263 815 1303 cubat.
874 1262 1019 1309 Sedet,
1059 1259 1303 1314 praesertim
1333 1260 1577 1308 comedens,
1622 1269 1837 1299 contracto
1880 1259 1924 1299 in
1955 1275 2095 1300 arcum

411 1353 645 1381 trunco.—
673 1341 834 1378 Morsus
864 1340 950 1388 ejus
981 1333 1237 1384 dolorificus,
1282 1349 1365 1374 non
1394 1345 1555 1381 tamen,
1598 1345 1643 1374 ut
1672 1333 1937 1389 perhibetur,
1983 1335 2096 1376 noci-

412 1432 502 1456 vus.
572 1416 772 1454 Attamen
814 1409 1082 1450 virulentiam
1124 1411 1288 1449 subesse
1331 1408 1492 1450 indicat
1535 1409 1672 1450 subita
1716 1424 1824 1450 mors
1865 1409 2044 1450 murium
2075 1426 2097 1450 a

415 1506 553 1533 morsu
581 1487 681 1529 levi.
738 1486 964 1526 Nidulatur
991 1496 1034 1524 et
1063 1484 1172 1539 parit
1200 1483 1329 1523 instar
1359 1483 1560 1523 Erminei.
1620 1487 1667 1524 In
1683 1499 1732 1525 eo
1762 1500 1927 1539 quoque
1958 1485 2095 1526 simile

417 1578 498 1616 est,
543 1565 655 1620 quod
695 1561 891 1616 hyemale
934 1560 1067 1599 vellus
1109 1559 1233 1613 plane
1276 1558 1502 1598 candidum
1538 1558 1704 1607 induat,
1748 1560 1858 1599 unde
1890 1559 2099 1601 variorum

420 1642 528 1697 apud
559 1641 711 1678 Suecos
748 1633 1121 1680 hallucinationes,
1164 1632 1405 1688 hyemalem
1447 1631 1595 1673 habitu
1637 1649 1711 1689 pro
1755 1633 1917 1674 diversa
1960 1635 2101 1690 specie

421 1712 761 1758 describentium.
827 1710 951 1749 Altae
980 1708 1025 1748 in
1056 1707 1210 1748 Sibiria
1240 1724 1262 1747 a
1291 1708 1544 1748 Novembris
1574 1707 1700 1747 initio
1730 1707 1921 1763 hyberno
1952 1709 2100 1751 habitu

423 1791 626 1832 Mustelae
655 1787 700 1827 in
730 1784 867 1826 calido
898 1784 1156 1840 hypocausto
1185 1786 1267 1837 jam
1295 1783 1454 1823 ultimis
1484 1783 1630 1823 diebus
1660 1783 1906 1823 Decembris
1936 1799 2099 1840 gryseo-

425 1868 583 1907 fuscum
615 1863 816 1903 aestivum
845 1861 977 1916 pilum
1006 1859 1257 1908 induebant,
1303 1860 1511 1899 defluente
1541 1857 1584 1897 in
1615 1859 1737 1898 dorso
1767 1859 1919 1899 sensim
1950 1859 2101 1916 hyber-

427 1956 495 1982 no.
553 1943 601 1980 In
631 1937 788 1992 campis
818 1947 955 1976 autem
984 1935 1140 1975 tardius
1170 1933 1251 1975 hoc
1282 1935 1339 1973 fit.
1396 1934 1644 1988 Hyemalem
1672 1935 1895 1975 candorem
1925 1935 2103 1977 induunt

429 2031 565 2056 versus
594 2013 811 2068 hyemem3
854 2011 899 2051 in
942 2011 1186 2051 australibus
1224 2008 1351 2050 etiam
1382 2008 1556 2050 Caucasi
1586 2009 1769 2065 (quippe
1800 2011 1967 2066 alpestri
1994 2011 2103 2065 situ)

431 2094 514 2132 Cel.
544 2088 915 2129 Gizldenstaedt
957 2097 1137 2126 exeunte
1179 2089 1262 2140 jam
1304 2083 1481 2126 Octobri
1524 2085 1760 2125 observavit
1803 2087 1960 2136 albam,
2004 2087 2104 2142 pilis

432 2166 531 2207 raris
561 2163 874 2205 rufescentibus.
946 2166 994 2201 In
1037 2161 1190 2202 Sibiria
1219 2175 1339 2215 saepe
1371 2160 1586 2199 albescunt
1621 2164 1704 2215 jam
1735 2162 1991 2217 Septembri,
2030 2163 2104 2201 fre-

434 2240 624 2297 quentius
653 2253 791 2278 versus
806 2237 1098 2277 Novembrim.
1150 2236 1414 2276 Itineratores
1444 2246 1604 2285 tamen,
1637 2236 1709 2291 qui
1738 2236 1781 2276 in
1812 2236 1949 2277 Persia
1978 2238 2105 2286 fuere,

435 2316 496 2357 ibi
525 2331 607 2356 non
636 2314 845 2354 albescere
875 2310 1167 2366 prodiderunt,
1200 2311 1387 2365 quamvis
1416 2311 1461 2351 id
1489 2310 1551 2351 ibi
1581 2311 1743 2352 accidat
1765 2311 1972 2351 Ermieeo.
2023 2314 2108 2351 Ne-

437 2406 516 2448 que
546 2390 591 2431 in
619 2387 878 2430 Chersoneso
907 2385 1065 2427 taurica
1094 2385 1236 2441 tepida
1280 2385 1432 2441 hyeme
1464 2387 1687 2426 Mustelam
1717 2387 1853 2426 albam
1885 2385 2007 2426 fuisse
2038 2388 2108 2427 ob-
