2196 2927
398 176 482 215 208
1163 178 1309 201 Ξ

393 296 473 335 que
502 276 809 319 Barcalensium
838 277 882 318 in
921 276 1084 332 frigidis
1128 278 1180 317 ad
1221 275 1513 332 Bargusinum,
1559 275 1816 333 superiorem
1844 280 2078 334 Angaramg

392 367 435 395 et
463 369 539 409 per
571 364 707 394 totum
738 357 879 408 jugum
908 353 1155 409 palmarium
1187 352 1417 402 orientale,
1454 352 1541 393 imo
1571 352 1616 393 in
1645 353 1888 408 Mongoliae
1918 355 2081 410 alpibus

392 432 559 483 Kingan
586 429 700 469 inter
729 432 861 469 Amul·
893 441 936 469 et
966 433 1090 469 Naun
1119 430 1159 469 ss.
1191 440 1235 469 et
1264 430 1510 469 Chaa-oola
1539 427 1616 468 feri
1638 441 1871 470 occurrunt.
1929 432 2080 469 Totam

393 505 664 561 caeteroquin
695 505 964 553 orientalem,
998 504 1181 544 maxime
1209 505 1417 544 desertam
1443 503 1662 553 Sibiriam,
1695 505 1746 545 ad
1769 503 2079 545 Tschuktschos

394 596 520 636 usque
551 592 593 620 et
622 596 764 621 omnes
796 592 924 620 terras
968 579 1220 620 subarcticas
1271 594 1499 629 muscosas,
1544 580 1659 620 omni
1703 581 1847 620 arbore
1878 591 2079 628 carentes,

390 656 646 697 nostratibus
681 657 847 696 Tundra
878 655 1010 695 dictas
1041 672 1063 695 a
1093 655 1308 710 Lapponia
1337 670 1466 710 usque
1508 656 1560 694 ad
1591 655 1807 710 Indigirka
1836 667 1879 696 et
1908 656 2081 709 Anadyr

390 731 562 781 fluvios,
598 730 816 787 spontanei
845 745 993 784 magna
1022 730 1143 786 copia
1167 731 1323 770 colunt.
1382 732 1594 770 Nomades
1619 745 1717 770 vero
1740 732 1928 771 boreales
1949 729 2081 770 nostri

388 820 557 853 omnes,
587 810 825 861 Lappones,
866 805 1097 858 Samojedi,
1144 805 1410 846 Ostiacorum
1440 806 1664 845 nonnullae
1695 806 1846 855 tribus,
1892 804 2079 860 Tungusi

388 882 473 920 fere
505 897 666 931 omnes,
699 881 884 936 Jukagiri
914 892 956 920 et
985 879 1270 920 Tschuktschi
1300 879 1617 928 mediterranei,
1653 880 1840 921 omnium
1871 897 1970 921 vero
1996 897 2078 920 ma-

389 956 504 997 xime
536 957 731 1006 Comaei,
764 956 1121 997 numerosissimas
1151 971 1296 995 eorum
1327 965 1560 995 mansuetas
1591 969 1736 1009 greges
1767 957 1901 1006 alunt,
1932 967 1972 996 et
2002 971 2077 1010 pro

389 1032 553 1072 divitiis
583 1032 664 1072 suis
695 1031 865 1073 habent.
895 1058 950 1063 —
988 1031 1146 1071 Mirum
1176 1030 1306 1070 etiam
1334 1030 1378 1070 in
1427 1030 1584 1069 Insulas
1628 1029 1910 1086 hyperboreas
1954 1031 2080 1086 Spits-

388 1109 633 1163 bergenses,
678 1123 777 1163 quas
822 1108 954 1147 nostri
985 1108 1183 1148 Grumant
1213 1117 1386 1156 vocant,
1431 1106 1740 1162 copiosissimos
1782 1122 1856 1161 per
1899 1106 2079 1161 glaciem

390 1184 588 1224 arcticam
619 1183 812 1237 migrasse
843 1184 1076 1232 Tar-andos,
1109 1183 1153 1222 in
1181 1181 1301 1221 terris
1329 1180 1714 1222 Tschuktschorum
1748 1182 1895 1237 quovis
1919 1197 2025 1221 anno
2055 1197 2077 1222 e

388 1272 498 1300 terra
527 1258 670 1312 ignota
700 1258 874 1307 arctica,
919 1257 1142 1298 Americae
1183 1258 1291 1296 forte
1324 1255 1541 1305 continua,
1585 1257 1789 1312 gregatim
1819 1272 1947 1297 verno
1976 1268 2077 1298 tem-

393 1349 492 1391 pore
521 1348 596 1390 per
625 1333 780 1388 glacies
811 1333 1068 1387 admigrant,
1101 1332 1224 1387 paulo
1255 1332 1411 1372 diversi
1443 1348 1465 1371 a
1497 1331 1674 1372 Sibiriae
1704 1332 1923 1388 inquilinis
1946 1343 1988 1372 et
2010 1347 2078 1371 ve-

391 1409 656 1451 rosimillime
687 1408 944 1448 Arnericani.
1004 1407 1214 1447 Dicuntur
1244 1407 1372 1447 etiam
1410 1406 1453 1446 in
1484 1407 1688 1462 proximis
1718 1408 1939 1449 Americae
1969 1408 2078 1448 insu-

394 1486 464 1535 lis,
501 1497 671 1525 catenae
703 1500 725 1523 a
755 1482 1049 1524 Canitschatca
1082 1482 1191 1523 illuc
1235 1494 1453 1532 extensae,
1496 1494 1541 1522 ut
1581 1483 1626 1523 in
1669 1483 1809 1523 vicino
1850 1484 2076 1524 Continen-

392 1562 446 1602 tis
475 1565 562 1615 ejus
591 1559 734 1599 littore
764 1557 997 1607 observari,
1031 1559 1129 1598 dum
1154 1558 1197 1597 in
1220 1557 1505 1614 proprioribus
1531 1558 1651 1598 nobis
1677 1558 1822 1598 insulis
1846 1560 2077 1599 desunt.—

392 1635 596 1678 Omnium
626 1634 803 1674 Sibiriae
834 1633 1084 1689 populorum
1115 1633 1187 1674 vix
1218 1634 1324 1675 ullus
1362 1649 1458 1675 cura
1496 1645 1539 1673 et
1574 1649 1746 1674 numero
1790 1636 2075 1676 Tarandorum

395 1710 625 1767 gregalium
655 1710 859 1750 Coraecos
889 1720 1074 1763 superat,
1117 1708 1189 1764 qui
1219 1708 1371 1765 optimi
1401 1708 1551 1749 horum
1581 1708 1826 1749 animalium
1869 1720 1911 1748 et
1941 1708 2074 1763 appri-

395 1802 462 1827 me
493 1784 609 1839 gnari
638 1795 821 1838 pastores
849 1784 1069 1824 habentur.
1147 1786 1394 1838 Quanquam
1424 1799 1507 1824 non
1537 1785 1644 1823 ultra
1675 1783 1895 1838 quinquies
1939 1782 2073 1822 homi-

395 1876 494 1901 num
524 1861 652 1900 denos
683 1858 835 1913 digitos
866 1859 912 1912 (i.
944 1872 981 1897 e.
1011 1858 1063 1898 ad
1091 1857 1376 1898 centenarium
1405 1861 1639 1911 numerum)
1670 1872 1886 1898 numerare
1919 1858 2075 1906 valent,

396 1947 536 1976 tamen
567 1949 735 1989 gregum
765 1949 951 1982 suorum,
983 1948 1084 1989 quos
1113 1932 1244 1988 aliqui
1273 1934 1324 1974 ad
1354 1933 1625 1988 quadraginta
1654 1933 1741 1973 imo
1771 1933 2074 1989 qninquaginta

398 2010 534 2052 millia
563 2010 871 2066 multiplicant,
900 2019 1092 2050 exactam
1116 2007 1322 2050 rationem
1343 2019 1508 2055 tenent,
1538 2007 1624 2048 imo
1655 2008 1964 2063 genealogiam,
1993 2008 2073 2049 sin-

397 2088 606 2141 gulorum,
652 2085 799 2125 saltem
844 2083 1100 2140 proximam,
1145 2083 1371 2125 memoriae
1414 2082 1656 2139 impressam
1698 2083 1876 2132 habent,
1918 2096 1963 2124 ut
2004 2085 2070 2124 vel

399 2163 635 2201 aberrantes
666 2177 688 2200 a
718 2161 931 2215 gregibus,
962 2161 1029 2200 vel
1060 2161 1166 2200 feros
1197 2175 1328 2200 mares
1358 2159 1485 2199 oestri
1507 2170 1695 2214 tempore
1720 2159 1961 2200 domesticis
1983 2174 2069 2200 sese

396 2236 681 2277 immiscentes
710 2235 835 2276 facile
866 2246 1103 2291 agnoscant.
1161 2238 1311 2290 Neque
1341 2234 1417 2276 hos
1447 2236 1631 2282 turbant,
1662 2235 1759 2274 dum
1788 2234 1963 2274 feminas
1984 2235 2070 2274 ine-

398 2323 470 2350 ant
499 2323 541 2351 et
568 2311 783 2352 fortiorem
822 2312 874 2352 ad.
916 2310 1054 2351 trahas
1083 2311 1326 2366 progeniem
1355 2321 1594 2365 procreant,
1637 2320 1735 2349 tunc
1765 2311 1931 2349 demum
1960 2310 2068 2351 occi-

398 2387 577 2436 dendos;
609 2386 809 2428 foeminas
839 2399 999 2436 autem,
1047 2402 1149 2443 quos
1177 2386 1256 2427 feri
1286 2400 1418 2427 mares
1459 2386 1642 2426 inierunt
1684 2383 1868 2441 apprime
1908 2395 2066 2429 notant.
