2196 2927
919 187 1064 212 a
1775 191 1831 231 19

381 289 491 331 Felis
519 291 685 338 Pardus,
716 290 803 328 Lin.
832 296 1000 342 system.
1030 285 1125 323 XII.
1154 287 1186 324 I.
1217 301 1255 340 p.
1289 292 1352 327 61.
1382 301 1441 341 sp.
1471 294 1510 329 3.

380 393 603 440 Panthera,
641 392 803 443 Buffon.
835 393 924 430 hist.
954 391 1026 429 IX.
1067 396 1200 446 p.151.
1238 389 1301 427 ed.
1339 394 1432 428 min.
1469 391 1622 430 XVIII.
1660 405 1698 444 p.
1738 398 1828 439 242.

436 469 518 508 tab.
556 483 614 505 11.
654 482 712 505 12.
770 466 949 505 Pennanl:
977 480 1069 519 syn.
1100 481 1139 519 p.
1178 479 1262 516 170.
1294 478 1335 502 n-
1375 480 1459 503 122.
1496 466 1684 507 Schreber
1707 480 1828 506 mam.

433 544 506 581 III.
538 557 576 596 p.
607 546 699 590 384.
730 541 813 580 tab.
843 557 907 591 99.

379 646 532 700 Paleng
562 661 591 686 s.
624 645 871 698 Leopardus,
903 643 1118 698 Kaempfer
1147 657 1300 683 amoen.
1330 658 1368 696 p.
1398 651 1491 693 410.

460 748 599 788 Rossis
631 749 682 787 ad
712 749 940 789 Caucasum
969 749 1085 787 Bars.

458 823 619 863 Tataris
647 825 825 878 Καρῖαη.

457 898 701 953 Georgianis
740 899 916 952 Wepchi.

295 1002 429 1041 Pelles
460 1001 592 1041 varias
616 1010 644 1041 'e
674 999 1017 1041 meridionalibus
1049 991 1223 1040 Caucasi
1255 999 1410 1037 adlatas
1441 996 1541 1046 vidi,
1573 1008 1613 1036 et
1649 1011 1825 1051 praesen

159 1077 237 1117 tim
266 1077 308 1116 in
338 1075 550 1123 Armenia,
581 1075 691 1114 circa
723 1078 783 1113 M.
814 1078 961 1113 Ararat
989 1075 1119 1123 datur,
1146 1074 1389 1112 observante
1418 1073 1501 1112 Cel.
1528 1071 1828 1111 Guldenstaeclt.

159 1150 298 1190 Etiam
326 1149 369 1188 in
399 1148 526 1203 sylvis
563 1148 713 1188 summi
748 1148 833 1203 jugi
872 1147 1087 1188 Caucasici
1124 1147 1367 1201 aliquando,
1406 1147 1478 1186 sed
1514 1145 1828 1200 infrequentius,

159 1223 377 1272 occiditur,
407 1223 537 1263 immo
567 1223 611 1263 in
641 1222 929 1263 Promontoria
952 1220 1293 1276 septentrionalia
1317 1234 1534 1261 excurrere
1558 1221 1698 1259 fertur.
1735 1221 1830 1257 Fre-

159 1298 350 1355 quentius
391 1297 560 1338 infestat
603 1297 786 1338 Persiam
829 1308 871 1336 et
906 1295 1086 1337 occurrit
1121 1295 1165 1335 in
1201 1293 1400 1334 montosis
1442 1292 1686 1333 australibus
1721 1291 1830 1332 circa

158 1375 294 1415 lacum
332 1373 445 1413 Aral.
511 1376 559 1412 In
593 1372 840 1413 orientalem
868 1371 1012 1411 Asiam
1040 1369 1112 1410 vix
1143 1381 1314 1424 evagata
1343 1381 1423 1418 est,
1466 1368 1711 1422 videturque
1749 1366 1830 1421 pri-

159 1448 350 1489 mitivam
378 1461 598 1502 agnoscere
625 1447 803 1503 patriam
831 1445 1031 1487 Africam.
1088 1445 1273 1485 Pretium
1301 1443 1424 1500 pellis
1457 1442 1610 1483 Kislari
1644 1459 1687 1482 10
1713 1442 1764 1482 ad
1785 1457 1830 1481 12

162 1523 404 1571 Rublorum,
434 1520 480 1561 in
515 1523 696 1576 Georgia
727 1523 778 1561 ad
810 1538 874 1560 20.
933 1519 1225 1573 Magnitudine
1261 1530 1399 1559 autem
1427 1517 1602 1558 variant.

296 1630 369 1668 No
381 1638 409 1668 t.
465 1628 569 1668 Vidi
597 1629 730 1683 pelles
758 1625 1098 1681 quadrupedales‚
1129 1625 1259 1664 cauda
1286 1623 1476 1678 bipedali
1511 1639 1606 1663 cum
1644 1640 1668 1675 7
1707 1622 1828 1677 polli-

161 1702 277 1744 cibus
307 1702 528 1743 instructas
538 1719 551 1748 ,·
580 1701 705 1742 aliam
734 1699 996 1755 longitudine
1026 1705 1047 1741 5
1078 1699 1175 1752 ped.
1206 1704 1229 1738 6
1258 1697 1360 1754 poll.
1390 1712 1486 1738 cum
1515 1698 1646 1739 cauda
1675 1704 1697 1739 3
1734 1697 1829 1751 ped,

160 1785 182 1820 3
219 1776 433 1834 pollicum.

661 1917 708 1966 4.
798 1907 1033 1951 FELIS
1081 1906 1336 1961 jubata.

297 2033 343 2070 F.
373 2033 503 2070 cauda
534 2032 738 2084 elongata,
770 2029 894 2069 crista
922 2027 1056 2084 pilosa
1084 2025 1258 2068 cervicis
1286 2023 1604 2080 longitudinali‚
1648 2021 1832 2078 corporis

163 2103 335 2145 maculis
365 2104 518 2159 ubique
549 2104 821 2160 simplicibus,
851 2103 1020 2144 crebris.

382 2208 588 2262 Guepard,
619 2208 769 2258 Buffon
799 2209 891 2246 hist.
919 2206 1034 2242 XIII.
1065 2220 1104 2259 p.
1135 2214 1225 2256 249.
1254 2206 1317 2246 ed.
1346 2207 1440 2245 min.
1476 2203 1650 2242 XXVII.
1688 2217 1727 2255 p.
1766 2207 1832 2242 35,

435 2283 638 2336 Supplem.
669 2296 708 2335 p.
740 2287 830 2321 218.
860 2280 943 2319 tab.
974 2285 1039 2319 36.

382 2383 493 2424 Felis
522 2384 674 2437 jubam,
712 2383 901 2425 Schreber
928 2396 1049 2423 mam.
1077 2384 1132 2422 II.
1161 2399 1199 2437 p.
1236 2388 1322 2424 105.
