2196 2927
934 202 1077 209 ·—··-
1785 198 1834 226 11

174 297 334 326 ctorum
353 281 595 324 animalium
620 282 748 326 hodie
769 298 841 339 por
869 298 1035 324 omnem
1064 286 1282 339 Europam,
1315 287 1514 339 Rossiam,
1532 289 1618 332 imo
1642 291 1837 334 Sibiriam

174 358 421 399 universalia
451 360 558 399 facta
587 359 680 407 sint,
712 357 772 398 nti
804 359 1095 412 Ursus‚Lynx‚
1118 361 1265 414 Lupus,
1290 362 1450 416 Vulpes,
1472 367 1714 414 Ermineum,
1739 369 1838 409 Gale

174 435 424 490 (rapacitate
455 450 524 474 sua
551 433 594 472 in
623 432 896 488 longinquum
925 433 1121 486 ductae);
1154 437 1286 490 Lepus
1319 439 1538 486 variabilis,
1568 441 1731 481 Sciurus
1754 447 1836 484 vnl-

166 514 301 564 gmis,
334 513 426 548 Mus
456 509 636 553 Citillus,
665 508 907 548 decumanus
936 520 978 548 et
1006 511 1234 556 Masculus,
1271 510 1402 565 Aper,
1439 514 1670 567 Capreolus.
1728 521 1837 558 Tum

171 600 268 624 vero
306 582 446 623 mirari
482 582 578 622 satis
614 597 813 636 nequeas,
853 599 977 637 quare
1017 583 1162 632 Seurri,
1203 586 1306 624 adeo
1350 585 1503 640 ubique
1542 590 1726 644 vulgares
1763 607 1835 646 per

171 659 357 697 Rossiani
387 669 510 712 atque
541 657 749 705 Sibiriam,
780 657 865 698 imo
893 657 936 697 in
967 659 1149 699 Caucaso
1179 660 1422 709 familiach
1464 678 1546 701 non
1584 664 1833 715 transierint,

166 747 260 773 cum
290 736 448 787 Lepore
477 733 648 781 timido,
693 735 828 788 Lupo,
872 734 1028 788 Vulpc,
1074 735 1175 773 Galc
1205 746 1244 774 et
1276 735 1499 790 Capi-colo,
1543 737 1585 776 in
1617 739 1835 780 Tauricam

167 806 484 857 Chersonesum,
517 807 729 848 alliciente
766 808 867 849 licet
901 809 1046 864 pabuli
1083 809 1289 850 hortensis
1326 822 1365 850 et
1396 812 1589 866 sylvatici
1627 814 1834 853 abundan-

163 881 235 922 tia.
301 885 449 937 Neque
479 882 603 932 dicas,
635 899 758 938 quare
789 900 826 924 v.
857 899 914 938 gr.
946 885 1124 925 Mustela
1154 885 1320 926 sibirica
1350 897 1389 925 et
1415 886 1619 926 Zibcllina
1643 887 1686 927 in
1711 891 1832 929 Euro-

162 972 260 1012 pam
288 973 371 997 non
394 958 657 999 transierint?
686 959 888 1014 posterior
917 959 1113 1013 equidem
1143 961 1230 1001 solo
1254 961 1458 1012 Uralensi‚
1490 977 1573 1002 non
1599 964 1702 1003 adeo
1725 963 1834 1004 inac-

164 1046 277 1072 cesso
306 1035 401 1086 jugo
431 1032 621 1072 diremta.

296 1109 360 1145 De
408 1108 680 1148 Varietatibus
722 1107 984 1147 Lactantium
1030 1120 1071 1148 et
1115 1110 1301 1163 hybridis
1345 1110 1541 1166 stirpibus
1592 1112 1832 1153 domesticis

162 1195 280 1236 agere
310 1180 447 1237 ampla
475 1192 581 1221 esset
608 1182 801 1231 materia,
833 1197 954 1236 quam
984 1181 1055 1222 hic
1086 1183 1298 1238 adtingere
1327 1185 1437 1234 nolo,
1467 1186 1668 1240 peculiari
1687 1187 1832 1227 disser-

159 1256 317 1296 tatione
355 1256 449 1309 (cui
478 1257 835 1311 complementum
863 1261 988 1311 paro)
1020 1274 1041 1297 a
1072 1273 1136 1297 me
1166 1261 1248 1307 jam
1275 1270 1507 1299 tractatam.
1548 1262 1739 1301 Ferarum
1760 1275 1830 1300 no-

159 1331 359 1380 stratium,
389 1342 433 1371 ut
456 1342 498 1371 et
516 1335 684 1385 glirium
713 1346 816 1386 quae
845 1333 977 1387 pelles
1006 1332 1175 1373 vestitui
1206 1333 1424 1374 hominum
1454 1335 1520 1374 vol
1537 1335 1699 1375 ornatui
1716 1347 1830 1391 aptas

158 1407 359 1461 praebent
393 1417 435 1446 et
471 1418 564 1446 sunt
594 1406 745 1462 partim
784 1421 857 1462 per
892 1407 1099 1447 luxuriam
1136 1407 1355 1448 hominum
1391 1408 1614 1449 cultiorum
1654 1410 1830 1465 praetio-

158 1480 363 1530 sissimae,
400 1485 527 1523 vellus
560 1481 605 1522 in
634 1496 783 1538 genere
814 1494 930 1522 tanto
960 1488 1230 1538 praestantius
1259 1494 1332 1533 est,
1361 1500 1444 1538 quo
1468 1484 1598 1539 magis
1622 1487 1671 1525 ad
1696 1485 1829 1525 orien-

158 1565 244 1594 tem
281 1567 323 1594 et
358 1555 402 1594 in
440 1556 623 1610 alpinam
660 1557 745 1610 jugi
783 1556 942 1596 asiatici
981 1557 1246 1596 altitudinem
1282 1560 1449 1605 tendas;
1491 1562 1643 1614 pejores
1685 1570 1829 1599 contra

160 1628 486 1670 occidentalium
501 1640 543 1668 et
558 1629 896 1683 temperatiorum
908 1631 1052 1684 pelles,
1083 1646 1270 1684 quaeque
1287 1631 1331 1669 in
1353 1631 1610 1685 planioribus
1634 1643 1675 1672 et
1690 1647 1828 1673 versus

158 1702 406 1743 orientalem
422 1705 637 1744 Oceanum
651 1702 695 1742 in
712 1702 930 1742 maritimis
947 1703 1178 1758 capiuntur.
1230 1707 1281 1744 Et.
1298 1704 1461 1753 mirum,
1479 1707 1591 1759 quod
1609 1706 1652 1745 in
1674 1706 1827 1760 frigido

157 1777 326 1817 climate
356 1779 560 1832 quaedam
590 1778 833 1818 animalium
855 1779 1015 1833 species
1040 1790 1182 1834 suapte
1205 1791 1348 1819 natura
1372 1780 1422 1819 ad
1446 1780 1684 1820 albedinem
1706 1780 1825 1821 incli-

157 1864 269 1902 nent,
298 1852 428 1894 immo
458 1854 548 1907 lege
578 1857 762 1893 Naturae
800 1852 954 1908 hyeme
992 1856 1131 1894 album
1166 1854 1318 1903 vellus,
1362 1866 1407 1893 ut
1444 1857 1650 1910 Lagopus,
1695 1855 1827 1895 Ermi-

156 1942 291 1976 neum,
326 1929 440 1978 Gale,
472 1932 606 1984 Lepus
635 1928 859 1979 variabilis,
890 1930 956 1969 vel
980 1929 1187 1978 incanum,
1218 1941 1263 1969 ut
1285 1931 1517 1979 Tarandus,
1544 1930 1683 1985 Sanga,
1714 1931 1826 1970 Sciu-

155 2016 234 2049 ωε,
270 2002 465 2051 induant3
503 2005 602 2044 dum
639 2015 782 2044 contra
819 2004 923 2044 aliae
959 2005 1003 2044 in
1040 2005 1274 2045 borealibus
1306 2005 1435 2058 magis
1474 2006 1524 2044 ad
1553 2007 1826 2059 procreandas

159 2076 294 2131 nigras
322 2078 542 2119 varietates
571 2079 790 2129 inclinant,
821 2091 866 2120 ut
889 2079 1060 2136 Leporis
1084 2079 1308 2127 variabilis,
1326 2079 1446 2133 Lupi,
1464 2079 1624 2134 Vulpis,
1651 2080 1824 2128 Criceti‚

158 2152 341 2192 Murium
369 2153 571 2194 variarum
600 2157 793 2209 exempla
822 2157 994 2204 docent,
1035 2155 1102 2193 vel
1142 2153 1400 2193 fuscedinem
1428 2154 1697 2194 intensiorem
1727 2156 1825 2194 affe-

156 2238 283 2276 ctent,
309 2239 354 2267 ut
383 2227 743 2283 praestantissimis
772 2228 1039 2269 orientalium
1067 2239 1109 2268 et
1137 2228 1376 2284 alpestrium
1406 2229 1621 2284 regionum
1653 2229 1824 2270 Zibelli·

158 2301 233 2352 nis,
265 2302 418 2344 Sciuris
447 2305 674 2345 eorundem
703 2303 856 2344 situum
884 2304 1009 2344 fuscis
1037 2315 1079 2344 et
1106 2303 1265 2345 boreali
1295 2306 1464 2347 Castore
1495 2306 1730 2346 edocemur.

1457 2450 1481 2475 ἢ
