2196 2927
440 195 522 235 118
1190 202 1333 226 ξ

570 307 617 343 In
646 300 749 342 mari
780 298 997 341 ochotensi
1026 297 1193 355 copiosa
1222 311 1304 348 est,
1332 299 1441 341 circa
1466 315 1590 341 naves
1614 301 1751 357 parvis
1773 302 1944 344 familiis
1961 306 2106 345 crebro

433 392 576 421 natans
606 389 647 417 et
675 375 814 417 mimis
844 375 968 416 variis
998 375 1240 416 ludibunda.
1306 378 1514 431 Frequens
1543 376 1785 432 praesertim
1814 377 1923 418 inter
1950 379 2106 420 Tauisk

433 468 475 496 et
509 454 657 509 [shiga.
728 456 835 492 Vere
877 463 920 492 et
962 463 1159 491 autumno
1200 451 1243 491 in
1287 450 1403 491 littus
1444 463 1619 501 exeunt,
1662 463 1834 508 tumque
1872 469 1894 492 a
1923 454 2108 494 Lamutis

431 546 552 586 saepe
583 528 737 570 lanceis
766 527 1031 574 occiduntur3
1076 526 1175 566 alias
1213 525 1340 567 etiam
1370 526 1565 567 inescatis
1593 526 1728 568 hamis
1772 527 1913 583 decipi
1959 529 2107 569 solent.

432 609 500 648 Ab
529 607 683 662 Aquila
711 603 867 644 marina
898 607 1125 657 leucoptera
1155 602 1299 642 crebro
1328 602 1485 657 rapitur
1521 602 1565 642 in
1610 604 1738 643 altum
1780 613 1822 643 et
1863 602 1906 643 in
1950 603 2108 644 siccum

428 681 622 723 illiditur.
691 679 878 720 Juniores
907 681 994 732 ejus
1026 676 1155 717 catuli
1184 678 1307 732 plane
1338 677 1437 718 albi.
1508 677 1676 718 Pariunt
1706 689 1844 718 autem
1874 679 1948 718 sub
1980 680 2109 718 finem

381 776 386 782 ·
428 755 664 803 Februarii,
701 755 768 794 vel
798 753 923 794 initio
954 751 1120 800 Martii,
1162 752 1206 791 in
1236 752 1423 792 latibulis
1453 752 1606 793 littoris
1635 752 1745 794 inter
1774 752 1929 808 glacies
1960 753 2027 793 vel
2058 753 2102 793 in

427 832 525 874 nive
555 829 784 880 excavatis,
815 829 887 869 ubi
918 827 1046 868 catuli
1075 842 1149 883 per
1177 827 1314 882 plures
1344 826 1433 867 dies
1462 828 1607 869 latent.

534 989 703 1028 Descr.
762 983 977 1026 Excrescit
1006 983 1055 1023 ad
1087 981 1429 1038 quadripedalem
1458 994 1500 1022 et
1529 982 1636 1021 ultra
1665 981 1995 1038 longitudinem,
2044 999 2101 1023 re-

423 1062 551 1118 liquis
581 1061 879 1116 congeneribus
909 1058 1151 1113 elegantior.
1210 1059 1399 1097 Rostrum
1429 1059 1953 1112 depresso-rotundatum,
1993 1057 2107 1098 labio

422 1137 617 1192 utrinque
648 1151 799 1179 crasso,
828 1134 1014 1190 turgido,
1046 1132 1298 1188 mystacibus
1327 1132 1477 1172 obsito.
1536 1134 1708 1187 Septum
1728 1132 1837 1172 inter
1861 1148 1976 1173 nares
1999 1147 2102 1172 cras-

425 1227 534 1261 sum,
577 1211 888 1258 nudiusculum,
935 1208 1130 1249 brevibus
1172 1207 1270 1262 pilis
1298 1209 1539 1262 pubescens.
1610 1208 1821 1260 Mystaces
1865 1207 2104 1257 subinflexi,

427 1302 499 1327 sex
529 1285 741 1334 ordinum,
772 1284 869 1324 setis
899 1281 1107 1323 undulatis
1138 1281 1518 1336 gryseo-pallidis‚
1563 1280 1737 1335 posticis
1768 1293 1892 1337 caput
1921 1282 2006 1322 fere
2039 1297 2101 1322 ae-

425 1361 665 1417 quantibus,
696 1357 1034 1412 intermixtisque
1050 1355 1371 1396 fuscescentibus
1392 1354 1664 1397 brevioribus.
1724 1358 1764 1395 V
1761 1360 1943 1397 errucula
1966 1372 2108 1412 supra-

425 1436 582 1476 ciliaris
611 1446 698 1475 seta
725 1450 806 1474 una
836 1437 1015 1487 majore,
1056 1431 1188 1471 tribus
1227 1430 1469 1471 minoribus.
1540 1431 1760 1471 Auriculae
1797 1443 1995 1471 externae
2026 1432 2101 1472 mi-

425 1522 569 1559 nutae,
600 1509 866 1564 nigricantes.
935 1509 1085 1547 Dentes
1113 1511 1305 1561 primores
1335 1520 1456 1560 supra
1488 1512 1524 1545 6.
1571 1516 1745 1559 quatuor
1774 1505 1905 1546 medii
1935 1506 2100 1555 minuti,

426 1585 616 1625 laterales
659 1582 818 1629 conici,
869 1585 1062 1632 majores3
1109 1582 1214 1633 infra
1255 1590 1448 1634 quatuor,
1493 1579 1653 1628 obtusi,
1706 1579 1862 1636 superis
1906 1580 2101 1621 minores.

425 1662 571 1701 Canini
600 1657 819 1712 utrobique
851 1656 1061 1711 aequales,
1105 1654 1243 1709 superi
1272 1653 1496 1693 intervallo
1525 1653 1690 1694 remoti.
1760 1656 1940 1696 Molares
1983 1671 2103 1711 supra

424 1736 611 1789 infraque
640 1732 833 1788 utrinque
863 1731 1000 1787 quini,
1032 1729 1168 1786 primo
1199 1730 1357 1769 minore
1388 1727 1746 1783 subbicuspidat03
1790 1729 1943 1785 reliqui
1981 1742 2100 1770 acute

424 1809 705 1865 tricuspidati,
739 1808 877 1848 medio
908 1810 1080 1860 majore,
1113 1804 1273 1845 conico.
1330 1805 1497 1844 Palmae
1520 1814 1562 1843 et
1583 1807 1746 1859 plantae
1769 1819 1889 1859 supra
1910 1804 2099 1860 infraque

424 1884 596 1924 villosae
619 1883 955 1939 pentadactylae,
987 1882 1206 1937 palmatae.
1265 1879 1496 1920 Palmarum
1512 1894 1663 1933 ungues
1684 1879 1923 1919 terminales
1941 1881 2095 1935 magni,

423 1959 607 2009 incurvi,
652 1958 829 2005 robusti,
873 1956 1145 2012 nigricanteS,
1190 1954 1477 2009 subaequales,
1520 1964 1684 2008 praeter
1726 1953 1932 1994 extimum
1973 1938 2100 2010 paulo

422 2034 647 2084 minorem,
692 2033 898 2088 digitique
929 2043 1159 2072 extrorsum
1189 2029 1341 2069 sensim
1371 2030 1668 2068 decrescentes.
1738 2030 1906 2070 Plantae
1944 2031 2098 2070 subfor-

423 2109 604 2165 cipatae,
655 2110 797 2163 digitis
841 2108 989 2148 mediis
1034 2105 1311 2151 brevioribus3
1355 2107 1472 2160 pellis
1510 2114 1765 2144 connectens
1806 2105 1914 2144 ultra
1943 2119 2098 2159 ungues

423 2186 643 2240 producta,
674 2183 842 2232 villosa,
871 2184 971 2224 lobo
1000 2182 1193 2236 utrinque
1222 2179 1383 2220 laterali
1414 2180 1652 2226 rotundat03
1684 2195 1838 2233 ungues
1864 2178 1934 2219 his
1965 2179 2095 2219 mino-

423 2274 506 2308 res,
543 2259 834 2314 subaequales,
881 2257 952 2296 vix
982 2258 1138 2312 pellem
1169 2266 1482 2311 exsuperantes,
1526 2269 1549 2293 e
1579 2255 1693 2294 fusco
1722 2253 1931 2303 corneoli,
1976 2253 2098 2293 recti-

424 2333 568 2372 usculi.
627 2333 770 2373 Cauda
799 2331 995 2385 insignis,
1027 2329 1518 2384 depresso-spathulata,
1559 2328 1752 2382 utrinque
1783 2327 1946 2367 vestita.
2006 2329 2045 2367 V
2043 2332 2096 2369 el-

422 2411 484 2450 Zus
513 2406 556 2446 in
583 2407 765 2461 juniore,
795 2405 1001 2463 bipedali,
1032 2415 1120 2445 toto
1143 2419 1314 2459 corpore
1338 2401 1667 2451 molliusculum,
1700 2400 1938 2451 elasticum,
1970 2403 2096 2457 paulo
