2196 2927
430 194 519 241 438
1195 197 1340 221 ...·--.-

822 314 905 355 81.
998 311 1048 354 M
1078 312 1117 354 E
1146 311 1185 354 R
1209 311 1249 354 O
1278 312 1311 353 P
1340 310 1368 352 S
1439 311 1723 368 Apiaster.

570 384 630 422 M.
661 382 782 422 dorso
814 382 1071 437 ferrugineo,
1113 382 1337 422 abdomine
1376 383 1589 436 caudaque
1632 379 1759 420 viridi
1788 380 2108 431 coerulescente‚

436 458 530 512 gula
561 457 679 511 nigro
709 456 938 511 marginata
967 459 1092 506 flava,
1124 457 1367 498 rectricibus
1396 456 1547 497 mediis
1578 455 1814 509 majoribus.

653 536 818 587 Merops
850 543 1085 580 auctorum,
1122 533 1340 586 Willughb.
1371 535 1515 573 ornith.
1547 547 1643 587 pag.
1682 547 1767 571 102.
1798 531 1882 571 tab.
1914 540 1977 582 24.
2021 532 2112 588 Raj.

707 622 799 660 syn.
832 623 896 647 av.
927 623 966 660 p.
997 616 1062 658 49.
1091 609 1229 648 Albin.
1261 624 1325 647 av.
1357 610 1410 647 II.
1449 608 1532 647 tab.
1563 615 1628 655 44.

653 685 850 736 Merops,
893 681 1116 736 Apiaster‚
1160 682 1530 738 Mellosophagus,
1579 684 1786 736 Arquatus
1826 681 1870 721 in
1918 680 2112 731 desertis,

710 758 861 796 Frisch.
898 771 961 795 av.
993 756 1076 796 tab.
1109 773 1199 795 221.
1234 774 1323 796 222.

655 830 868 886 Apiaster,
901 833 1077 871 Brisson.
1109 847 1192 871 orn.
1222 833 1292 871 IV.
1325 847 1363 885 p.
1396 838 1486 872 532.
1517 847 1577 886 sp.
1616 849 1646 871 1.

656 909 822 960 Merops
851 905 1065 961 Apiaster‚
1093 908 1181 946 Lin.
1212 917 1316 960 syst.
1346 908 1378 945 Ι.
1410 923 1449 962 p.
1481 912 1566 947 182.
1596 921 1656 959 sp.
1694 923 1725 946 1.
1754 907 1941 946 Latham.
1973 921 2037 945 av.
2061 906 2114 945 ΙΙ.

710 997 806 1035 pag.
839 988 929 1033 667.
960 997 997 1021 Π.
1036 999 1067 1021 1.

660 1059 717 1094 La
748 1059 945 1111 Merope,
977 1060 1077 1097 Cetei
1107 1073 1170 1097 av.
1201 1057 1360 1097 Sardin.
1393 1073 1430 1112 p.
1464 1063 1528 1108 93.
1560 1055 1642 1096 tab.
1668 1063 1705 1096 3.

551 1129 721 1170 Rossice
753 1132 925 1180 Schurh,
955 1133 1137 1189 Solotaja
1165 1133 1343 1173 schaz-ha
1374 1143 1416 1172 et
1443 1133 1716 1172 Solstuschnik
1745 1132 1958 1185 (auratus).
2026 1131 2118 1172 Cal-

606 1205 761 1245 muccis
791 1207 1018 1247 Sohar-mar.

580 1281 650 1318 Ad
679 1283 838 1319 Tanain
867 1292 910 1320 et
939 1280 1180 1321 inFeriorem
1209 1283 1408 1336 Volgam,
1451 1283 1536 1322 fere
1581 1284 1633 1322 ad
1675 1283 1952 1322 confluentem
1989 1295 2117 1335 usque

444 1355 598 1392 Kamae
629 1364 670 1392 et
700 1353 809 1394 circa
839 1353 1082 1409 Rhymnum
1110 1371 1238 1411 usque
1269 1358 1321 1397 ad
1349 1361 1497 1411 Jugum
1526 1357 1748 1402 Uralense,
1788 1355 2118 1409 frequentissima

444 1443 518 1482 per
546 1439 676 1468 totam
708 1440 904 1468 aestatem
935 1429 1042 1477 avis,
1086 1431 1190 1470 item
1221 1432 1271 1470 ad
1302 1431 1627 1486 Borysthenem,
1669 1431 1710 1471 in
1743 1429 2002 1471 Chersoneso
2030 1441 2117 1469 tau-

445 1502 530 1543 rica
559 1515 601 1544 et
631 1504 681 1543 ad
712 1507 861 1543 Istrum
888 1520 1030 1559 usque.
1095 1507 1163 1546 Ad
1194 1506 1297 1546 Irtin
1327 1508 1367 1546 ss.
1399 1507 1549 1556 rarior,
1594 1521 1729 1562 neque
1759 1506 1929 1545 ulterius
1959 1506 2009 1544 ad
2040 1504 2119 1544 ori—

444 1589 585 1618 entem
617 1577 723 1627 visa,
769 1579 916 1619 desunt
943 1580 1056 1620 enim
1088 1582 1274 1636 regiones
1315 1593 1433 1637 aptae
1464 1594 1505 1622 et
1534 1585 1646 1638 Apes
1675 1596 1837 1637 parcae.
1905 1581 2119 1619 Adventat

446 1654 569 1708 paulo
598 1664 689 1708 post
720 1653 972 1695 Hirundines
1001 1656 1192 1712 riparias,
1239 1669 1417 1697 exeunte
1459 1657 1616 1712 Aprili,
1661 1669 1702 1697 et
1739 1669 1878 1697 tamen
1907 1654 2117 1694 interdurn

446 1731 558 1778 Maio
589 1727 807 1781 ingruente
838 1731 974 1769 denuo
1002 1742 1247 1785 tempestate
1280 1731 1427 1786 frigida
1471 1742 1511 1770 et
1551 1732 1693 1771 nivosa
1735 1734 1798 1782 (ut
1834 1734 1966 1782 1773.)
2013 1730 2117 1767 fame

446 1803 567 1857 perit.
625 1803 846 1842 Nidulatur
887 1819 981 1843 cum
1024 1805 1256 1845 Hirundine
1294 1805 1465 1859 riparia,
1510 1806 1553 1844 in
1583 1805 1812 1860 praeruptis
1842 1804 2119 1844 limoso-are-

449 1875 578 1923 nosis,
609 1877 681 1914 sed
712 1875 903 1916 cuniculo
935 1878 1212 1933 amplissimo,
1244 1878 1462 1918 brachium
1490 1879 1613 1919 facile
1637 1879 1905 1928 admittente,
1936 1877 2117 1933 primum

450 1950 728 2005 sesquipedali
756 1951 840 1990 fere
871 1952 1134 2006 longitudine
1164 1965 1298 2002 recto,
1330 1953 1429 1993 dein
1461 1954 1738 2003 anfractuoso,
1785 1953 1932 2008 quibus
1960 1953 2117 2008 procel-

448 2027 535 2066 losa
562 2035 808 2080 tempestate
837 2038 881 2066 et
911 2038 1036 2067 noctu
1065 2028 1167 2067 latet
1205 2039 1246 2067 et
1281 2039 1378 2068 tunc
1409 2028 1531 2068 facile
1562 2029 1735 2083 capitur.
1804 2029 1897 2068 Ova
1937 2027 2118 2068 laevisffl-

409 2137 411 2139 ,
448 2116 535 2148 ma,
564 2101 707 2150 nivea,
740 2102 1005 2155 sub-globosa,
1037 2104 1278 2157 majuscula,
1310 2103 1396 2146 imo
1425 2108 1599 2157 majora,
1630 2120 1751 2158 quam
1781 2107 1975 2159 Upupae,
2018 2117 2117 2157 pon-

450 2177 547 2216 dere
584 2177 709 2231 paulo
751 2177 856 2216 ultra
907 2177 1299 2232 sesquidrachmam.
1372 2181 1410 2219 V
1409 2183 1541 2220 elatus
1581 2178 1822 2228 altissimus,
1866 2178 2115 2224 celerrimus,

452 2252 537 2291 fere
566 2249 910 2299 hirundinaeeus,
951 2268 1047 2294 cum
1077 2254 1297 2302 continuo,
1327 2255 1568 2310 praesertim
1604 2254 1766 2310 vesperi
1808 2265 1850 2294 et
1891 2255 1964 2294 sub
2007 2264 2116 2291 auro-

453 2341 538 2365 ram
569 2328 769 2375 fistulam,
809 2329 998 2370 Numenii
1036 2336 1244 2385 Arquatae
1287 2331 1546 2379 subaemulo,
1592 2331 1714 2385 longe
1755 2328 2016 2370 exaudiendo
2057 2339 2117 2364 SO-

453 2414 570 2440 noro.
627 2403 764 2444 Pullos
793 2418 814 2443 e
845 2403 954 2444 nidis
984 2405 1181 2446 collectos
1210 2406 1325 2448 omni
1355 2421 1479 2463 opera
1509 2407 1683 2446 educare
1714 2415 1882 2446 conatus
1909 2404 2016 2448 surm
2045 2400 2117 2439 Sssd
