2196 2927
891 207 1040 233 Ξ
1716 205 1798 245 139

141 306 382 362 praesertim
413 305 656 353 anteriores,
687 303 807 345 altius
836 304 1025 359 erigitur,
1066 314 1107 343 et
1137 302 1271 358 spinas
1302 304 1478 345 strictim
1521 305 1641 345 dorso
1672 302 1800 358 appli—

142 394 227 429 cat,
271 397 351 436 quo
389 381 536 421 habitu
571 380 691 420 icone
721 378 792 418 hic
821 380 979 430 adjecta
1009 393 1220 433 expressus
1251 390 1324 419 est.
1395 383 1588 419 Rostrum
1617 390 1658 419 et
1686 392 1803 417 nares

142 456 339 496 continuo
370 456 547 496 motitat.
605 455 788 493 Odorem
816 452 970 507 spargit
1000 452 1313 492 ambrosiacuni.
1371 454 1539 507 Copiosi
1562 452 1803 509 praesertim

143 531 186 570 in
216 531 434 578 ruderatis,
474 540 515 568 et
543 526 841 567 Asu-achaniae
871 527 915 567 in
946 526 1088 567 insulis
1118 528 1296 581 Volgae,
1340 526 1449 567 circa
1479 527 1632 567 hortos.
1704 527 1803 566 Avi-

142 605 301 644 dissimi
331 615 421 644 sunt
451 614 707 657 serpentum,
754 618 854 657 quos
897 602 1026 642 cauda
1064 600 1341 656 apprehensos
1379 601 1486 640 intra
1516 603 1803 656 conglobatam

142 679 348 734 spinosam
377 693 489 717 suam
518 677 769 717 testudinem
798 688 1013 723 attractos,
1052 676 1168 716 vivos
1207 677 1356 716 rodunt
1395 678 1445 716 ad
1475 675 1803 716 internecionem

142 767 281 807 usque.
340 751 484 791 Medio
513 751 624 791 Junii
655 763 804 791 matres
834 767 928 792 cum
957 751 1102 791 catulis
1133 750 1269 805 quinis
1299 751 1365 791 vel
1395 750 1501 790 senis
1531 750 1695 798 inveni,
1734 751 1804 804 qui

140 839 237 866 tunc
268 838 383 867 erant
413 826 548 873 coeci,
592 826 691 866 licet
733 828 916 882 pondere
960 830 1039 875 jam
1080 825 1302 874 biunciali,
1348 826 1607 881 longitudine
1652 833 1673 866 3
1702 825 1803 879 poll.

139 907 162 941 ὃ
192 900 265 940 lin.
304 903 443 941 subtus
472 901 594 950 nudi,
639 902 896 955 gemebunda
939 915 1035 941 voce
1072 901 1200 940 instar
1241 899 1410 940 neonati
1454 899 1581 939 catuli
1610 900 1677 940 vel
1706 898 1803 939 sori-

139 974 211 1015 cis.
268 976 455 1016 Juniores
484 976 777 1030 elegantiores,
809 975 937 1031 spinis
968 975 1259 1022 albidioribus,
1290 976 1402 1015 fusco
1436 975 1675 1029 variegatis,
1714 975 1804 1013 sub-

140 1060 202 1089 tus
234 1051 388 1090 vellere
419 1051 513 1090 albo
544 1050 649 1105 puri.
722 1050 910 1090 Seniores
952 1062 994 1090 et
1037 1053 1209 1104 majores
1252 1049 1452 1105 nigriores
1483 1052 1605 1100 fiunt,
1649 1049 1803 1089 vellere

137 1125 250 1165 fusco
266 1149 278 1154 -
293 1125 523 1180 inquinato.

269 1228 416 1267 Nota.
475 1228 544 1267 Ad
574 1226 676 1267 Irtin
707 1227 878 1267 fluvium
909 1232 1081 1281 majores
1111 1227 1284 1282 caspicis
1307 1227 1456 1267 libram
1478 1227 1685 1266 medicam
1707 1239 1803 1264 cum

135 1300 265 1341 tribus
295 1301 362 1341 vel
391 1310 415 1351 4
444 1301 577 1341 unciis
607 1313 849 1356 aequantes,
892 1302 1154 1357 longitudine
1185 1319 1208 1355 7
1238 1302 1339 1356 poll.
1369 1316 1461 1341 cum
1492 1299 1689 1347 dimidi03
1732 1299 1804 1338 sed

136 1375 310 1415 maximi
339 1376 383 1415 in
413 1376 582 1431 regione
612 1376 970 1425 transbaicalensi,
1005 1376 1077 1417 ubi
1107 1379 1153 1416 E.
1185 1391 1432 1431 europaeum
1461 1374 1583 1415 facile
1614 1384 1803 1429 aequant,

135 1449 222 1490 imo
251 1462 462 1506 superant,
508 1452 678 1492 bilibres
713 1464 755 1492 et
784 1453 909 1501 ultra,
954 1454 1052 1491 dum
1093 1451 1248 1506 caspici
1290 1451 1439 1491 libram
1482 1464 1690 1504 nunquam
1734 1463 1802 1488 ex‹

135 1524 291 1578 pleant.
348 1531 479 1565 Aures
508 1537 647 1566 tamen
676 1525 944 1581 proportione
973 1542 1055 1566 non
1085 1537 1242 1566 auctae.
1313 1527 1360 1565 In
1397 1524 1578 1564 Daurico
1608 1523 1679 1578 qui
1708 1522 1803 1562 libr.

135 1597 306 1638 rossicas
338 1611 377 1643 22}
414 1601 695 1654 ponderabat,
738 1599 954 1654 longitudo
998 1616 1019 1639 a
1062 1615 1221 1640 summo
1263 1615 1360 1639 naso
1404 1600 1454 1638 ad
1492 1613 1612 1637 anum
1642 1601 1699 1648 9²2
1732 1599 1802 1649 7²²².

138 1687 252 1712 aures
288 1676 336 1713 1‘'.
369 1677 438 1722 lim.
469 1675 598 1714 cauda
634 1675 686 1713 1‘'.
724 1675 787 1713 1'‘.
817 1699 872 1704 —
914 1677 961 1713 In
990 1673 1174 1729 caspico,
1219 1673 1285 1713 cui
1326 1674 1485 1728 pondus
1528 1672 1674 1711 decem
1715 1682 1802 1710 tan-

136 1757 223 1786 tum
267 1747 500 1795 unciarum,
542 1747 760 1802 longitudo
801 1759 888 1788 tota
931 1749 988 1789 6''.
1033 1751 1101 1799 9“'.
1145 1762 1259 1788 aures
1295 1749 1346 1786 1‘'.
1377 1750 1446 1797 Μ’.
1490 1747 1619 1786 cauda
1650 1747 1718 1798 7'''.
1747 1766 1802 1776 ·-

137 1821 354 1862 Dauuricis
384 1822 427 1862 in
456 1837 605 1876 genere
636 1823 767 1862 vellus
796 1824 935 1863 subtus
965 1824 1246 1862 fuscescente-
1264 1822 1494 1869 cinereum,
1540 1820 1606 1860 vel
1636 1820 1802 1873 subgry-

138 1911 264 1936 seum.
335 1897 524 1937 Seniores
566 1896 848 1952 pinguissimi,
891 1896 1099 1951 Mongolis
1129 1896 1292 1936 suntin
1323 1895 1502 1936 deliciis.
1572 1892 1719 1948 Aliqui
1749 1893 1802 1932 ad

140 1977 190 2010 38
220 1971 359 2011 uncias
388 1974 570 2026 pondere
601 1983 790 2028 aequant.
859 1974 995 2012 Mares
1024 1987 1185 2027 semper
1215 1975 1387 2025 majores
1417 1981 1458 2010 et
1488 1968 1616 2023 magis
1647 1966 1802 2007 animo-

139 2044 185 2083 si.
245 2046 441 2087 Foemirzis
482 2047 663 2102 papillae
705 2046 1060 2094 comico-acutae,
1107 2063 1126 2085 2
1158 2045 1409 2100 inguinaleS,
1457 2061 1477 2084 2
1508 2054 1602 2084 ante
1645 2042 1800 2082 femora,

141 2119 443 2170 abdominales,
481 2139 501 2162 2
533 2120 768 2162 thoracicae
797 2136 905 2176 pone
934 2135 1079 2160 armos.
