2196 2927
874 202 1017 225 =
1703 206 1782 244 109

112 305 166 343 ob
197 317 374 343 crassam
403 302 580 357 pellem,
628 303 679 342 ad
709 301 953 342 obducenda
983 298 1121 339 vitilia
1151 300 1317 354 navigia
1349 303 1573 356 (Baidary)
1616 301 1785 342 utilissi-

114 393 243 427 mam,
286 392 360 432 pro
404 375 697 418 calceamentis
734 389 897 430 quoque
928 374 1152 413 admodum
1182 375 1425 416 durabilem.
1495 377 1651 418 Adulta
1681 377 1784 417 diffi-

115 451 218 501 cile,
262 468 285 492 a
313 451 504 507 sequenti
544 461 586 490 et
630 449 828 498 vitulina,
873 448 1009 489 verbis
1039 448 1325 502 distinguitur3
1368 451 1440 489 sed
1485 463 1547 491 est
1588 451 1785 492 distincta

114 526 293 582 species,
324 541 402 567 nec
431 525 524 565 aliis
552 525 761 565 miscetur.
820 523 962 566 Catuli
990 523 1184 564 dicuntur
1212 522 1490 578 nigrescentes
1519 526 1643 566 nasci.
1722 529 1786 567 De

116 600 370 656 Synonymis
401 598 567 648 dubito,
599 610 777 656 excepto
806 601 1053 640 stelleriano.

251 677 423 715 Descr.
482 678 566 728 (Ex
593 675 704 730 pelle
733 674 928 730 integra.)
986 675 1120 729 Caput
1148 688 1223 728 pro
1252 674 1363 714 mole
1388 673 1578 714 animalis
1600 690 1785 729 parvum,

117 766 213 791 naso
243 751 410 799 obtuso,
441 765 507 790 ore
535 765 682 805 parvo,
715 753 842 790 oculis
862 764 961 790 naso
982 747 1156 798 vicinis,
1187 749 1352 789 auribus
1374 747 1559 799 muticis,
1591 750 1641 789 ab
1665 751 1786 790 oculo

114 825 238 879 paulo
267 824 571 865 remotioribus.
628 825 753 865 Pedes
785 824 987 880 primores
1014 825 1180 873 breves,
1212 822 1291 863 toti
1305 823 1450 878 pilosi,
1480 825 1621 878 digitis
1645 839 1787 879 aequa-

116 899 245 947 libus,
275 900 475 953 unguibus
504 898 698 939 maximis
729 899 890 940 falcatis
920 899 1068 953 nigris3
1098 898 1229 954 pelles
1258 910 1552 939 connectentes
1580 914 1706 954 usque
1737 901 1787 941 ad

116 972 226 1028 ipsos
256 973 482 1027 digitorum
511 974 649 1029 apices
691 975 764 1015 sub
806 974 1009 1029 unguibus
1051 973 1425 1014 villosissimorum.
1490 975 1616 1015 Pedes
1645 979 1790 1030 postici

116 1048 406 1102 subaequales,
451 1049 610 1090 extimo
639 1049 772 1104 digito
800 1050 923 1104 paulo
952 1048 1238 1104 productiore,
1282 1050 1482 1104 unguibus
1510 1049 1787 1098 rectiusculis,

117 1136 236 1176 supra
265 1121 454 1176 infraque
483 1123 623 1178 pilosi.
695 1126 851 1178 Corpus
891 1123 1189 1164 ventricosum:
1233 1128 1306 1179 pili
1346 1124 1390 1164 in
1418 1134 1507 1164 toto
1537 1139 1708 1180 corpore
1736 1123 1786 1164 ri-

117 1195 225 1250 gidi,
256 1196 491 1236 brevissimi
522 1201 564 1249 (5
594 1198 759 1250 linear.)
791 1198 1200 1252 gryseo-argentati.
1272 1201 1448 1239 Dorsum
1490 1199 1624 1238 lituris
1655 1199 1786 1238 minu-

115 1270 168 1310 tis
197 1270 321 1310 fuscis
358 1272 615 1326 adspersum3
659 1277 796 1312 cervix
838 1271 1085 1312 fuscescenti
1126 1273 1277 1312 nebula
1320 1273 1572 1312 adumbrata.
1644 1274 1789 1313 cauda

117 1344 188 1385 vix
217 1344 465 1401 prominula.
538 1347 767 1402 Longitudo
797 1346 921 1402 pellis
951 1346 998 1387 5¹.
1029 1347 1088 1395 Μ.
1129 1363 1151 1386 a
1191 1361 1289 1387 naso
1320 1348 1371 1387 ad
1399 1348 1592 1396 caudam3
1634 1348 1789 1403 pedum

116 1419 299 1474 priorum
341 1438 364 1472 7
394 1421 496 1476 poll.
527 1435 750 1477 eorumque
793 1421 993 1476 unguium
1030 1426 1081 1460 1'‘.
1113 1427 1182 1472 9²²¹.
1223 1423 1377 1478 pedum
1418 1422 1695 1478 posteriorum
1743 1439 1787 1462 10

116 1494 218 1548 poll.
249 1508 472 1550 eorumque
503 1510 658 1550 ungues
695 1502 747 1537 1⁰.
777 1496 957 1536 extimus
993 1496 1046 1536 1²².
1078 1498 1146 1538 3“'.

463 1621 547 1673 39.
639 1616 958 1661 PHOCA
1047 1618 1438 1673 albigena.

252 1710 295 1747 P.
326 1706 463 1762 capite
491 1708 789 1758 inauriculato,
834 1708 984 1764 palmis
1026 1708 1262 1764 plantisque
1304 1709 1581 1764 unguiculatis
1610 1710 1788 1765 aequali-

118 1783 213 1833 bus,
244 1796 414 1838 corpore
444 1796 594 1837 magno
623 1783 783 1838 pallido
812 1783 1100 1833 immaculato,
1140 1783 1336 1839 mystacis
1366 1784 1463 1840 Q
1492 1784 1641 1842 Q

336 1862 475 1903 Phoca
504 1863 712 1919 leporina,
744 1865 955 1919 Lepechin.
985 1865 1078 1906 Act.
1107 1865 1242 1905 Acad.
1270 1866 1429 1921 Petrop.
1447 1867 1480 1905 Ι.
1509 1867 1592 1907 tab.
1611 1872 1649 1908 8.
1679 1866 1791 1906 adul-

389 1948 455 1985 ta,
484 1955 521 1989 9.
552 1950 737 1980 neonata.

336 2019 540 2073 Leporine
571 2021 684 2069 Seal,
716 2021 836 2061 Penn.
865 2021 981 2062 Zool.
1012 2031 1099 2061 aret:
1126 2023 1158 2060 Ι.
1189 2038 1228 2077 ρ.
1253 2028 1340 2063 ι6ι.
1370 2037 1407 2062 η.
1429 2027 1493 2074 75.
1524 2022 1625 2074 Syn.
1647 2021 1788 2076 quadr.

391 2111 428 2148 p.
461 2100 551 2143 534.
583 2109 620 2134 n.
652 2101 744 2145 389.

230 2172 370 2213 Rossis
400 2175 450 2213 ad
480 2172 819 2214 Camtschatkam
848 2183 891 2214 e't
918 2188 1028 2213 mare
1075 2173 1314 2215 Ochotense
1357 2174 1482 2230 vulgo
1522 2177 1681 2229 Lyssza
1724 2173 1790 2214 vel

283 2249 420 2302 Nerpa
453 2250 595 2303 golaja
640 2247 694 2300 (i.
725 2262 761 2287 e.
791 2247 931 2288 Phoca
960 2249 1116 2301 nuda);
1158 2248 1623 2305 Archangelopolitanis
1664 2251 1791 2290 Mors-

283 2324 375 2378 haja
404 2324 543 2377 Bjellza
573 2333 614 2361 et
642 2323 821 2363 Morskoz'
850 2322 969 2365 Sae'tz
999 2322 1046 2377 (i.
1078 2338 1113 2363 e.
1145 2323 1309 2364 Sciurus
1340 2325 1406 2365 vel
1437 2328 1569 2381 Lepus
1598 2323 1789 2372 marinus,

283 2396 336 2437 ob
367 2396 594 2437 catulorum
624 2397 841 2449 alborem).
