2196 2927
880 179 1023 203 ====
1696 179 1785 219 429

323 280 445 322 Parus
474 279 690 336 polonicus
718 279 805 319 sive
829 277 1102 325 Penduljnus,
1139 277 1309 319 Brisson.
1343 292 1426 320 orn.
1459 278 1534 317 III.
1564 292 1661 334 pag.
1688 283 1779 319 565.

377 373 438 412 sp.
476 375 534 396 ιι.
566 357 649 396 tab.
681 372 742 406 29.
765 355 848 408 fig.
881 371 916 393 2.
946 367 1027 392 non
1058 353 1293 393 lauzsslabilis.

321 435 444 473 Parus
474 431 743 487 pendulinus,
791 431 879 468 Lin.
910 438 1012 481 syst.
1042 429 1074 467 Ι.
1117 444 1214 484 pag.
1247 435 1337 478 342.
1380 445 1439 484 sp.
1478 435 1536 471 13.
1592 429 1778 469 Latham.

376 522 468 560 syn.
498 508 568 545 IV.
600 522 639 561 p.
672 512 762 556 547.
794 520 831 543 η.
868 510 926 544 16.

268 584 310 628 β.
341 580 462 621 Parus
492 579 783 625 narbonensis,
814 580 982 619 Gmelin.
1012 589 1114 633 syst.
1146 582 1234 620 Lin.
1264 581 1317 620 II.
1349 596 1387 635 p.
1425 589 1536 629 1014.
1568 596 1605 620 η.
1634 596 1698 631 29.

321 657 572 704 Penduline,
603 655 764 708 Buffbn.
793 671 878 695 orn.
911 656 958 694 V.
990 671 1085 710 pag.
1116 663 1205 705 433.
1235 656 1461 696 D'Aubent.
1492 659 1588 709 pict.
1620 672 1657 695 η.
1688 662 1781 709 708.

365 732 451 786 fig.
489 749 519 772 1.
552 731 715 783 (Junior
743 730 869 786 primi
900 730 997 770 anni
1027 731 1223 784 avicula).

212 806 383 848 Rossice
413 809 556 847 Re'mes
585 806 613 847 i.
645 821 681 846 e.
714 807 897 847 Artifex.
956 806 1194 846 Baschkiris
1229 807 1421 847 Trodsch.
1482 806 1596 845 Indis
1626 806 1781 847 Pbdah,

239 887 286 923 In
315 882 506 923 Salicetis
536 894 579 923 et
610 882 823 938 Populetis
854 882 963 923 circa
999 897 1146 937 magna
1190 881 1359 922 flumina
1401 880 1639 921 australiora
1682 884 1783 921 Ros-

102 957 187 997 siae
218 969 261 998 et
291 958 470 998 Sibiriae
501 958 761 1013 campestris,
807 957 1050 1013 praesertim
1079 959 1130 998 ad
1163 958 1339 1012 Volgam
1369 969 1413 997 et
1442 956 1685 1011 Rhymnum
1723 955 1784 995 in-

105 1033 275 1073 feriores
305 1044 348 1074 et
379 1034 429 1073 ad
460 1033 583 1083 Irtin,
632 1034 792 1074 abunde
835 1033 1046 1074 nidulatur
1083 1032 1188 1073 haec
1218 1032 1401 1080 avicula,
1444 1031 1696 1072 borealiores
1725 1045 1785 1070 re-

104 1108 247 1163 giones
277 1123 359 1148 non
388 1119 534 1164 petens
564 1120 607 1148 et
638 1108 681 1147 in
712 1108 859 1148 calidis
894 1107 1014 1148 terris
1052 1107 1309 1163 hybernans,
1354 1106 1509 1162 quippe
1545 1106 1589 1145 in
1620 1104 1786 1145 Indiam

101 1197 230 1238 usque
260 1194 371 1223 nota.
441 1185 511 1223 Ad
547 1183 755 1223 Jeniseam
798 1195 839 1224 et
869 1187 1076 1238 Angaram
1107 1199 1196 1224 raro
1226 1184 1479 1223 observatur.
1551 1181 1682 1222 Nidos
1710 1179 1785 1220 mi-

102 1258 278 1308 rabiles,
311 1269 669 1308 ovato-saccatos‚
699 1273 838 1314 pugno
870 1258 1116 1313 ampliores,
1159 1256 1294 1298 canali
1325 1257 1509 1312 superius
1538 1254 1787 1311 cylindri00‚

103 1332 242 1382 brevi,
284 1344 515 1373 transverso
546 1334 613 1373 vel
643 1334 835 1374 deorsum
865 1333 1038 1388 obliquo
1076 1334 1306 1380 adeundos,
1357 1347 1380 1371 e
1410 1346 1547 1387 pappo
1577 1330 1787 1386 populneo

104 1420 147 1449 et
177 1408 375 1456 salicino‚
406 1408 649 1448 intermixta
679 1423 800 1464 saepe
831 1410 925 1448 lana
955 1408 1083 1448 ovilla
1114 1419 1156 1448 et
1185 1407 1274 1462 pilo
1305 1406 1481 1462 equino,
1514 1408 1564 1446 ab
1588 1403 1788 1445 extremis

103 1483 275 1538 virgulis
306 1484 494 1523 arborum
525 1484 751 1538 pendulOS,
781 1483 972 1524 contexit
1003 1481 1355 1523 artificiosissime.
1429 1484 1493 1520 Ex
1521 1479 1587 1519 his
1617 1478 1698 1519 rari
1727 1493 1787 1518 re-

102 1558 318 1613 periuntur
348 1558 558 1598 canalibus
589 1573 710 1613 supra
740 1559 898 1598 duobus
944 1557 988 1597 in
1032 1556 1223 1612 opposita
1271 1554 1536 1609 vergentibus
1577 1551 1785 1593 instructi.

103 1632 329 1673 Rarissime
360 1645 579 1674 occurrunt
607 1632 720 1682 nidi,
765 1648 939 1688 quorum
983 1631 1139 1672 canalis
1184 1629 1440 1670 extrinsecus
1475 1628 1663 1670 occlusus
1692 1626 1785 1679 fuit,

102 1708 313 1748 suffocatis
344 1709 453 1748 intus
482 1709 628 1764 pullis3
660 1708 831 1763 qualem
861 1708 949 1764 ipse
980 1707 1122 1748 habui.
1192 1711 1276 1747 Hos
1306 1704 1426 1746 Rossi
1456 1714 1606 1745 vocant
1634 1705 1786 1743 Rewni-

98 1789 176 1825 woi
216 1785 359 1823 Remes
405 1785 675 1839 (Zelotypum
719 1783 1017 1836 Pendulinurn)
1064 1794 1106 1822 et
1148 1792 1293 1838 putant
1339 1779 1533 1820 maritum
1576 1777 1784 1818 foeminae

103 1859 353 1899 adulterium
381 1861 562 1899 ulturum
593 1859 820 1898 obturasse.
846 1884 887 1887 *ψ
920 1859 1053 1898 Multa
1083 1859 1134 1898 de
1158 1856 1267 1897 nidis
1294 1853 1538 1900 Pendulini,
1582 1849 1682 1907 quos
1718 1865 1787 1891 cu-

103 1933 211 1972 riose
242 1945 419 1987 querunt
449 1945 492 1974 et
523 1944 753 1980 asservant,
783 1933 1035 1988 superstitio,
1095 1936 1143 1972 In
1173 1945 1322 1986 genere
1353 1931 1531 1970 faustum
1553 1941 1676 1967 omen
1700 1939 1787 1964 cre-

107 2007 238 2054 ditur,
277 2007 499 2048 invenisse.
560 2010 732 2047 Servant
761 2007 891 2062 aliqui
920 2023 994 2062 pro
1024 2005 1263 2060 suffumigio
1292 2015 1435 2045 contra
1478 2003 1700 2042 daemones
1742 2009 1787 2039 et

109 2083 216 2122 mala
263 2082 401 2122 omnia
444 2085 640 2129 arcenda,
683 2083 868 2136 itemque
912 2083 963 2122 ad
1008 2081 1265 2134 fumigandas
1308 2092 1453 2118 vaccas
1496 2087 1538 2115 et
1582 2074 1786 2116 foeminas

108 2157 384 2212 parturientes
415 2157 630 2197 adhibent.
702 2157 910 2199 Culcitrae
948 2154 1201 2210 suppositam
1238 2153 1305 2193 vel
1334 2150 1487 2208 plumis
1515 2149 1784 2190 culcitrarum

109 2231 348 2272 immixtam
385 2247 527 2272 eorum
566 2231 801 2278 materiem,
832 2230 1100 2287 soporiferam
1142 2230 1328 2270 credunt.
1400 2224 1642 2267 Essentialis
1683 2237 1783 2263 vero

113 2322 205 2347 usus
236 2318 277 2348 et
307 2306 479 2347 minime
510 2323 635 2347 vanus
666 2318 745 2356 est,
788 2318 834 2348 ut
862 2306 1013 2362 hyeme
1058 2305 1102 2345 in
1132 2315 1341 2344 extremos
1369 2303 1520 2358 pedeS,
1563 2299 1672 2339 intra
1700 2298 1784 2339 cal-

114 2393 325 2422 ceamenta
358 2381 533 2423 induant
562 2383 614 2422 ad
644 2383 865 2423 arcendum
895 2380 1034 2438 frigus.
1105 2377 1252 2421 Poloni
1289 2388 1331 2418 et
1371 2374 1543 2419 Cosacci
1572 2373 1701 2415 etiam
1730 2372 1785 2412 ad
