2196 2927
877 176 1022 200 —..—-..=
1688 177 1770 217 241

111 269 307 312 continua
336 270 419 313 fere
449 273 566 328 sylva
596 289 618 314 a
647 273 752 315 mari
795 273 986 315 balthico
1028 272 1079 314 ad
1122 285 1356 317 extremum
1397 290 1526 333 usque
1569 273 1779 317 orientem-

111 355 163 385 te«
180 358 220 386 ta
250 347 318 388 sit.
390 349 529 389 Etiam
566 349 609 390 in
644 349 869 389 Lithuania
898 360 941 388 et
969 350 1213 404 praesertim
1242 351 1425 392 Caucaso
1454 351 1582 392 hodie
1625 349 1777 390 rarissi-

108 435 222 461 mum
252 434 313 462 est
344 423 498 463 animal
526 435 568 463 et
597 424 640 463 in
672 424 796 463 Asiae
819 422 1085 463 interioribus
1109 424 1231 479 plane
1254 425 1477 479 ignoratur.
1536 427 1660 480 Quod
1682 440 1778 466 cum

107 497 166 536 ita
194 498 248 538 sit
277 510 320 539 et
348 498 465 553 quasi
494 498 771 539 adventitium
802 499 846 538 in
876 498 1047 554 antiquo
1077 503 1176 540 orbe
1213 502 1344 540 Urum
1382 515 1470 541 esse
1508 501 1688 556 suspicio
1716 499 1779 540 in-

107 573 159 612 de
189 586 426 620 moveatur,
455 573 676 614 Americae
707 587 845 615 autern
884 573 1221 629 septentrionalis
1259 575 1538 631 copiosissimi
1576 575 1779 622 Bisontes,

105 663 201 689 cum
229 653 314 690 Uro
343 660 483 688 nostro
512 650 698 702 ejusdem
727 649 884 705 speciei
911 664 1000 689 esse
1032 649 1159 690 dubio
1190 651 1275 690 fere
1314 662 1473 696 careat,
1526 649 1602 690 Uri
1642 661 1684 689 et
1721 666 1780 690 ar-

106 725 235 764 menti
266 724 395 764 nostri
424 723 601 779 primam
631 725 837 779 originem
871 740 893 765 e
936 740 1044 766 novo
1085 726 1184 765 orbe
1221 726 1496 765 derivandum
1524 739 1611 765 esse
1641 726 1685 764 fit
1714 738 1781 764 ve-

103 799 307 848 rosimile,
340 799 603 854 quantumvis
634 801 958 855 problematicus
990 800 1179 840 videatur
1208 803 1374 848 modus,
1402 816 1485 855 quo
1514 815 1588 855 per
1618 810 1779 840 tantum

103 874 293 928 aequoris
323 874 502 929 spatium
532 875 635 915 olim
665 875 709 915 in
756 879 965 931 Europam
1005 875 1179 915 transire
1222 876 1405 931 potuerit
1447 875 1600 916 animal
1642 886 1782 915 tantae

102 949 244 996 molis3
275 949 356 989 nisi
385 951 491 990 forte
523 951 737 1005 antiquam
769 954 820 991 de
850 951 1068 991 Atlantide
1101 951 1372 992 traditionem
1402 951 1446 991 in
1478 950 1681 990 auxilium
1711 964 1780 990 vo-

102 1039 195 1065 care
225 1025 426 1073 volueris,
465 1025 552 1064 sive
583 1037 733 1066 statuas
765 1025 989 1066 diluvianis
1019 1026 1211 1067 fluctibus
1241 1028 1458 1082 abreptum
1497 1041 1644 1080 magna
1674 1025 1781 1064 cele-

101 1099 223 1140 ritate
252 1115 307 1140 ex
336 1100 532 1140 America
563 1100 606 1140 in
637 1104 843 1156 Europam
881 1102 1102 1156 appulisse.
1170 1105 1319 1156 Neque
1358 1100 1492 1141 minus
1530 1101 1682 1141 mirum
1720 1110 1782 1139 est

101 1174 272 1230 stirpem
302 1187 573 1231 spontaneam
605 1177 708 1216 adeo
739 1176 888 1216 ferocis
920 1188 962 1216 et
994 1177 1169 1216 valentis
1201 1176 1392 1216 animalis
1435 1177 1520 1215 fere
1558 1186 1691 1215 totam
1728 1175 1779 1214 ab

101 1248 274 1290 homine
305 1251 562 1291 debellatam
589 1261 631 1290 et
663 1254 756 1305 jugo
787 1252 1015 1304 subjectam
1045 1267 1152 1291 nunc
1183 1265 1270 1290 esse
1308 1263 1350 1290 et
1388 1262 1529 1291 tamen
1569 1264 1697 1304 usque
1736 1249 1781 1289 in

99 1323 294 1365 ultimum
325 1325 451 1366 Asiae
493 1326 688 1381 angulum
729 1326 896 1382 cop’ose
934 1326 1206 1366 domesticam
1243 1326 1377 1381 pasci,
1415 1326 1487 1365 ubi
1524 1326 1569 1366 in
1607 1323 1782 1366 desertis

99 1400 215 1440 nulla
245 1413 472 1456 spontanea
501 1402 803 1456 superfuerunt.
827 1428 880 1433 —
918 1406 982 1441 De
1017 1403 1111 1442 Uris
1140 1401 1392 1442 Lithuaniae
1422 1401 1782 1454 Rzonczinsky

98 1486 141 1514 et
171 1478 402 1517 Kleinius
438 1477 518 1516 loc.
557 1475 706 1516 cit.·-—
743 1476 977 1516 Moldaviae
1022 1480 1171 1524 Urum,
1215 1480 1329 1527 cujus
1371 1488 1495 1532 caput
1538 1492 1559 1516 a
1602 1480 1781 1531 principe

100 1551 311 1603 quondam
341 1553 558 1605 Dragosch
586 1566 660 1604 pro
690 1550 921 1605 insignibus
951 1550 1208 1605 principatus
1235 1551 1438 1591 adscitum
1466 1551 1567 1599 fuit,
1599 1551 1780 1590 celebra-

102 1624 162 1664 vit
192 1630 375 1681 princeps
404 1628 665 1666 Cantemir
694 1637 734 1665 et
764 1625 991 1665 etiamnum
1039 1627 1082 1665 in
1121 1625 1335 1665 Moldavia
1374 1625 1463 1665 dari
1500 1628 1631 1666 Usum
1660 1636 1781 1666 testa-

104 1711 169 1739 tur
197 1702 375 1742 Sulzer
403 1700 448 1740 in
477 1703 612 1740 Dacia
642 1705 847 1741 illustrata
878 1704 948 1753 (ξ’).
1007 1703 1071 1739 De
1109 1700 1345 1741 Caucasicis
1385 1700 1480 1740 Uris
1510 1701 1704 1741 notitiam
1735 1701 1781 1741 in

103 1774 267 1815 schedis
309 1775 568 1831 reliquerunt
605 1776 803 1832 Collegae
852 1778 1060 1830 quondam
1098 1776 1360 1830 percelebres
1400 1778 1555 1817 Loviz
1593 1787 1635 1816 et
1672 1777 1781 1816 Gill-

101 1852 397 1891 ‹tensi-aede.
456 1851 532 1891 Ille
563 1853 725 1898 asserit,
758 1852 869 1891 circa
900 1851 1082 1905 quinque
1113 1862 1355 1891 montanum
1387 1850 1561 1892 Caucasi
1589 1866 1780 1906 promon-

103 1925 257 1964 torium
286 1927 524 1979 (Beschtau)
556 1929 606 1967 ab
639 1930 889 1968 Abassorum
918 1927 1108 1983 principe
1140 1929 1284 1975 Islam,
1317 1926 1478 1980 aliquot
1503 1938 1596 1966 ante
1622 1937 1779 1981 septua-

104 1999 308 2053 gesimum
336 2000 467 2055 elapsi
497 2003 652 2042 saeculi
683 2003 820 2051 annis,
852 2003 1036 2043 occisum
1068 2001 1190 2040 fuisse
1219 2004 1372 2047 Urum,
1410 2004 1525 2049 cujus
1555 1999 1664 2039 inter
1693 2015 1779 2041 cor-

104 2090 184 2113 nua
215 2074 481 2115 intervallum
512 2079 811 2133 septemdecim
843 2078 1045 2134 pollicum
1076 2075 1173 2122 fuit,
1203 2086 1245 2114 et
1275 2074 1347 2128 qui
1377 2089 1399 2113 e
1431 2073 1635 2114 fasciatim
1665 2087 1779 2116 secto

109 2161 269 2203 tergore
300 2150 433 2189 lorum
463 2151 581 2191 dedit
611 2170 658 2203 ες)
690 2155 844 2207 pedum
875 2152 1131 2206 anglicorum
1161 2149 1439 2203 longitudino.
1509 2149 1663 2189 Contra
1693 2153 1777 2193 Cel.

104 2226 504 2275 Θᾶίἀεηειαεάε,
550 2227 621 2282 qui
660 2228 711 2266 ad
739 2227 881 2268 Uruch
918 2229 1013 2267 fluv.
1053 2225 1231 2266 borealis
1270 2225 1462 2273 Caucasi,
1501 2223 1545 2264 in
1583 2226 1778 2280 spelunca

168 2381 217 2422 (·)
245 2375 432 2414 Gcschisste
461 2383 511 2414 Ass
538 2381 837 2428 Transalpinisthcn
865 2381 1020 2423 Dacicns,
1050 2384 1117 2416 vol.
1145 2381 1173 2416 l.
1198 2391 1230 2425 p.
1263 2394 1319 2424 71.

1356 2457 1401 2492 δι
