2196 2927
396 204 481 244 292
1143 202 1288 227 --·-·····-;--⁴

613 303 821 350 JubarteS,
851 303 980 342 Klein.
1012 307 1110 357 pise.
1141 305 1248 342 miss.
1279 303 1332 341 ΙΙ.
1365 317 1403 356 p.
1442 306 1500 341 13.
1540 298 1544 299 ⁷

612 378 791 418 Balaena
821 381 979 433 Boops,
1008 379 1096 417 Lin.
1127 388 1229 432 syst.
1259 378 1354 416 XII.
1384 378 1416 415 I.
1449 391 1548 430 pag.»
1583 381 1668 416 106.
1699 389 1759 430 Sp.
1791 382 1827 417 3.
1864 377 2067 421 Schrebem

668 457 875 494 mammal.
907 458 1009 493 icon.

531 528 710 569 Videtur
739 527 859 582 hujus
888 528 1044 583 speciei
1075 527 1198 567 fuisse
1242 528 1444 575 Balaena,
1487 541 1611 581 quam
1656 541 1763 567 anno
1799 536 1894 580 1742
1926 527 1970 567 in
2011 531 2072 568 In-

396 603 483 644 sula
513 603 700 658 Beringii
729 605 944 658 naufragus
985 606 1173 644 Stellems
1214 605 1393 643 laceram
1431 619 1453 642 a
1483 602 1587 642 mari
1617 605 1794 653 ejectam
1840 602 2075 643 observavit

397 691 441 719 et
484 680 536 719 de
580 695 659 734 qua
704 690 949 733 sequentem
991 678 1336 733 descriptionem,
1382 689 1474 718 utut
1515 693 1705 718 mancam
1748 677 1792 717 in
1831 677 2075 718 adversariis

396 755 586 810 reliquit:

533 831 702 871 Descr.
770 830 873 879 „Ad
916 840 1147 868 extremam
1191 829 1367 868 caudam
1408 828 1530 882 longa
1574 840 1661 868 erat
1703 833 1749 869 50
1794 829 1921 883 pedes
1967 827 2075 880 angl.

397 920 522 956 „cum
558 924 569 944 1
604 905 772 960 pollice.
835 905 970 959 Caput
1000 915 1187 959 quartam
1218 903 1385 943 circiter
1421 914 1584 957 partem
1630 903 1757 943 totius
1802 901 2077 957 longitudinis

396 981 649 1031 „efficiebam
707 981 775 1020 Ab
807 979 926 1035 apice
957 979 1154 1018 maxillae
1186 977 1408 1033 superioris
1441 979 1491 1017 ad
1531 979 1672 1018 oculos
1720 995 1762 1017 12
1806 979 1902 1032 ped.
1947 978 2080 1016 cauda

394 1055 625 1111 „forcipata
655 1055 738 1095 lata
775 1062 818 1096 16
850 1056 946 1109 ped.
1006 1054 1230 1094 Pinnarum
1259 1052 1479 1107 longitudo
1517 1070 1559 1092 10
1591 1054 1688 1109 ped.
1721 1052 1902 1092 latitudo
1923 1058 1951 1096 5
1981 1052 2079 1107 ped.

395 1133 540 1180 „Anus
571 1132 621 1171 ab
652 1130 770 1186 apice
802 1130 923 1170 rostri
962 1130 1143 1170 distabat
1183 1137 1231 1170 35
1264 1129 1359 1183 ped.
1432 1128 1650 1168 Diameter
1693 1126 1812 1168 bulbi
1855 1126 1967 1167 oculi
2008 1125 2078 1166 tri-

396 1206 637 1260 „pollicaris
654 1236 666 1253 ‚
722 1207 793 1245 sed
845 1216 1016 1244 externa
1067 1219 1210 1244 eorum
1263 1215 1452 1258 apertura
1500 1208 1556 1243 2''.
1601 1207 1671 1253 [β’.
1715 1203 1919 1243 diameter
1960 1201 2080 1241 iridis

398 1286 486 1330 ‚,1''.
519 1282 587 1321 6“‘.
647 1283 838 1321 Foemina
869 1291 975 1328 erat,
1022 1281 1142 1319 dorso
1172 1279 1215 1318 in
1246 1277 1379 1318 arenis
1408 1277 1680 1325 delitescens,
1723 1288 1767 1317 ut
1797 1278 1981 1333 perfecte
2012 1277 2080 1316 de·-

397 1355 553 1405 „scribi
582 1371 665 1396 non
695 1366 849 1410 posset.
907 1356 1088 1395 Maxilla
1115 1358 1294 1409 superior
1324 1369 1345 1392 a
1375 1354 1516 1392 fraeno
1546 1353 1627 1392 oris
1672 1352 1824 1393 sensim
1870 1351 2081 1407 angustior

398 1442 468 1479 „et
499 1431 677 1480 acutior,
725 1441 769 1469 ut
798 1429 920 1469 rostri
950 1429 1193 1469 extremitas
1224 1429 1394 1468 tandem
1424 1427 1496 1466 vix
1527 1427 1769 1482 bipollicari
1798 1428 1933 1468 latior.
2005 1429 2080 1467 La-

397 1507 493 1555 „bia
523 1506 657 1555 nulla,
697 1507 770 1545 sed
798 1520 939 1559 margo
970 1503 1153 1544 exterior
1181 1518 1405 1543 convexus.
1479 1506 1591 1541 Intra
1620 1502 1851 1557 marginem
1881 1502 2080 1542 maxillae

399 1592 468 1631 „et
498 1581 683 1636 palatum
714 1579 868 1620 canalis
899 1580 1034 1619 sulcus
1064 1578 1258 1633 utrinque
1288 1578 1546 1633 exsculptus,
1582 1592 1709 1633 usque
1740 1579 1791 1618 ad
1821 1578 1959 1632 gulam
1987 1592 2080 1633 pro-

398 1657 596 1706 ‚‚ductus‚
626 1655 694 1695 cui
724 1655 852 1694 infixa
882 1666 944 1694 est
973 1655 1106 1695 trabes
1131 1655 1351 1708 quadrata,
1380 1662 1404 1703 4
1427 1653 1605 1708 pollices
1628 1655 1733 1701 alta,
1763 1653 1959 1702 candida,
1992 1653 2081 1692 sub-

398 1730 603 1780 „stantiae
635 1744 829 1778 corneae,
862 1743 967 1783 quae
998 1729 1165 1768 laminis
1196 1728 1358 1769 corneis
1389 1728 1506 1768 basin
1529 1730 1717 1783 praebet.
1777 1730 1968 1768 Laminae
1994 1742 2080 1767 cor-

398 1820 530 1854 „neae
560 1818 805 1857 unaquaque
840 1805 957 1843 trabe
999 1803 1167 1843 circiter
1212 1812 1286 1853 240
1331 1802 1465 1857 prima
1507 1802 1848 1858 semipollicaris,
1895 1801 2079 1857 reliquae

379 1878 582 1929 -‚‚sensim
612 1877 821 1932 longiores
862 1879 913 1918 ad
953 1877 1109 1917 medias
1152 1892 1298 1932 usque,
1345 1885 1366 1919 5
1399 1877 1464 1917 vel
1496 1884 1518 1918 6
1548 1879 1677 1932 pedes
1708 1878 1831 1927 altas,
1878 1894 1901 1917 a
1929 1877 2078 1932 quibus

399 1955 566 2004 „denuo
596 1968 734 1992 versus
763 1953 901 2007 gulam
931 1954 1191 1994 decrescunt.
1262 1955 1349 1991 Hae
1380 1952 1560 1992 laminae
1602 1952 1713 1992 inter
1756 1968 1797 1993 se
1841 1952 2078 2008 parallelae,

398 2029 959 2083 „aliquantumrextrorsum
1002 2039 1195 2083 vergunt,
1250 2029 1371 2068 dorso
1421 2043 1503 2082 quo
1545 2028 1650 2068 foras
1692 2040 1881 2084 spectant
1924 2039 2081 2075 acutae,

398 2119 565 2153 „versus
596 2105 733 2144 fauces
762 2103 807 2143 in
838 2105 956 2143 fibras
988 2103 1225 2159 capillares‚
1256 2103 1555 2159 semipedales,
1601 2103 1698 2143 setis
1728 2103 1891 2158 equinis
1921 2103 2080 2143 similes

399 2179 643 2229 „fatiscunt,
690 2179 1026 2220 extremitatibus
1066 2179 1111 2219 in
1142 2194 1316 2220 acumen
1354 2178 1578 2219 attenuatis
1606 2178 1650 2218 in
1680 2180 1818 2234 gulam
1849 2190 2075 2234 vergentes.

398 2256 607 2302 „Maxilla
650 2256 833 2307 inferior,
877 2269 981 2309 quae
1023 2258 1106 2309 jam
1150 2267 1237 2295 erat
1267 2255 1426 2302 ablata,
1471 2266 1633 2295 constat
1662 2270 1684 2295 e
1715 2256 1874 2295 duobus
1904 2253 2071 2299 ossibus,

397 2329 593 2375 „femoris
624 2328 809 2369 hominis
840 2330 997 2370 robusti
1027 2329 1213 2370 crassitie
1244 2331 1433 2386 paribus,
1474 2330 1640 2380 solidis,
1682 2331 1817 2370 cultro
1846 2339 1981 2368 tamen
2012 2340 2077 2365 ce-

401 2401 622 2449 „dentibus
653 2415 694 2444 et
722 2404 937 2459 fissilibus,
971 2421 993 2446 e
1024 2405 1172 2461 quibus
1205 2405 1517 2449 Camtschadali
1552 2405 1764 2446 traharum
1795 2403 1924 2444 soleas
1954 2402 2076 2442 tonfi-
