2196 2927
894 212 1038 236 ..ε-3,.-
1358 232 1360 234 ,
1720 203 1800 249 561

272 311 501 353 Columbae
519 322 770 366 spontaneae
793 309 837 350 in
867 309 1109 349 australibus
1135 309 1350 350 universae
1373 311 1542 351 Rossiae
1567 310 1807 366 campestris

130 386 333 426 immensa
363 386 483 441 copia
514 388 684 431 dantur,
715 385 958 440 praesertim
986 385 1221 438 frequentes
1252 386 1361 425 circa
1391 390 1573 435 Tanain,
1612 386 1804 439 Volgam,

131 459 397 514 Rhymmmr,
442 471 483 500 et
514 461 565 500 ad
596 461 838 501 Caucasum.
898 460 1111 499 Advolant
1148 460 1302 499 Martio
1330 460 1374 499 in
1405 460 1456 500 iis
1487 460 1589 500 locis
1620 459 1691 499 ubi
1721 474 1804 498 non

128 532 389 589 hybernant‚
421 545 463 574 et
494 534 614 575 nidos
644 535 688 574 in
716 534 896 589 riparum
925 532 1174 587 rupestrium
1204 535 1434 589 praeruptis
1453 566 1462 583 ,
1504 534 1800 585 cavernisque,

126 620 170 649 et
197 608 241 649 in
271 608 452 649 turribus
483 624 681 665 pagorum
712 609 922 654 condunt,
978 607 1191 646 turmatim
1223 609 1274 647 ad
1302 620 1463 663 pastum
1493 609 1536 648 in
1567 624 1732 664 campos
1763 619 1805 648 et

129 699 245 739 agros
276 683 512 737 migrantes.
571 685 640 724 Ad
669 684 927 722 Podkumam
946 684 984 722 fl.
1015 682 1058 721 in
1083 683 1367 737 promontorio
1397 683 1588 723 calcareo
1619 683 1806 733 Caucasi,

129 760 180 799 ad
210 757 459 798 Metschuka
490 769 701 807 montem,
738 769 799 797 est
830 759 996 811 abyssus
1025 757 1246 796 multarum
1278 772 1496 812 orgyarum
1526 758 1810 812 profunditate

127 845 169 873 et
199 832 499 888 amplitudine,
555 831 737 872 thermas
775 832 930 873 calidas
960 832 1004 872 in
1034 833 1161 872 fundo
1192 830 1374 881 habens,
1422 832 1530 872 intra
1561 847 1686 887 quem
1729 833 1805 874 Co-

127 908 293 948 lumbae
337 909 388 947 ad
432 908 580 947 multas
622 907 828 948 centurias
871 907 1121 954 nidificant,
1182 918 1223 947 et
1251 907 1408 962 injecto
1452 906 1594 962 lapide
1637 923 1689 947 ex
1717 919 1807 947 toto

128 984 302 1037 abysso,
362 997 455 1022 cum
498 984 656 1037 fragore
700 984 784 1023 fere
825 983 1007 1032 tonitru,
1070 981 1277 1038 spiraliter
1322 982 1366 1022 in
1408 991 1499 1023 aera
1535 983 1806 1024 adscendunt.

126 1059 341 1097 Autumno
371 1072 393 1097 e
425 1058 571 1098 Rossia
613 1058 841 1098 numerosis
884 1057 1135 1098 exercitibus
1178 1069 1450 1112 congrecratae
1493 1061 1532 1111 (ς
1558 1058 1669 1098 inter
1704 1072 1802 1111 quas

126 1148 210 1173 non
238 1147 327 1172 raro
357 1133 474 1172 albae
505 1145 546 1173 et
586 1134 680 1174 albo
725 1134 861 1173 variae
903 1133 1267 1189 conspiciuntur:)
1320 1134 1363 1173 in
1395 1133 1595 1173 calidiora
1637 1132 1802 1172 Persiae

128 1209 307 1256 abeunt,
339 1209 647 1248 remanentibus
677 1224 752 1263 per
779 1208 976 1263 hyemem
1007 1209 1148 1264 paucis
1178 1208 1288 1249 circa
1316 1224 1465 1264 pagos,
1505 1207 1619 1263 quasi
1656 1218 1804 1262 sponte

128 1281 392 1327 domesticis,
449 1283 638 1335 quamvis
667 1297 790 1323 nemo
821 1285 930 1323 colat
961 1285 1026 1323 vel
1058 1295 1197 1329 curet3
1256 1285 1328 1323 sed
1368 1283 1560 1323 occidere
1591 1283 1705 1322 nefas
1734 1280 1804 1320 ha-

127 1359 253 1406 bent,
286 1355 468 1395 maxime
496 1356 649 1396 Tatari.
682 1381 730 1388 --
789 1359 858 1398 Ad
886 1358 986 1398 lrtin
1017 1369 1059 1397 et
1088 1357 1198 1398 circa
1227 1369 1389 1397 montes
1420 1358 1602 1398 Alta'i'cos
1630 1356 1803 1396 rariores

128 1442 248 1481 sunt,
285 1442 326 1471 et
354 1430 399 1471 in
428 1431 626 1471 ulteriore
657 1431 832 1482 Sibiria,
865 1434 916 1472 ad
947 1433 1158 1472 Ra'i'calem
1186 1447 1339 1486 usque,
1371 1432 1479 1472 mihi
1508 1433 1646 1473 nullae
1680 1447 1802 1487 appa-

127 1518 321 1556 ruerunt,
379 1506 460 1545 nisi
488 1507 641 1562 passim
672 1507 782 1548 circa
824 1507 1095 1548 ecclesiarum
1138 1519 1268 1547 turres
1298 1507 1514 1554 viventes,
1570 1509 1621 1548 de
1652 1507 1802 1562 quibus

125 1581 332 1622 incertum
361 1597 496 1622 annon
527 1581 608 1621 sint
638 1583 891 1624 domesticae
920 1582 1104 1637 originis.
1163 1586 1312 1623 Denuo
1336 1583 1378 1623 in
1417 1583 1599 1623 Dauuria
1628 1583 1797 1622 transal-

128 1655 226 1711 pina
257 1658 438 1697 abundat
468 1659 654 1698 Varieffas
681 1657 708 1698 δ’.
752 1670 966 1707 constans,
1016 1672 1093 1698 nec
1123 1659 1206 1698 ulla
1237 1658 1557 1712 degeneratione
1599 1656 1802 1698 contami·

128 1741 249 1780 nata,
280 1743 322 1772 et
350 1743 457 1772 statu
487 1733 669 1774 maxime
700 1734 880 1774 naturali
908 1733 1010 1774 colit
1040 1734 1240 1788 rupestria
1270 1746 1489 1789 praerupta
1520 1735 1803 1777 desertorum,

128 1805 392 1862 pasciturque
424 1807 650 1847 seminibus
679 1809 989 1862 Astragalorum
1007 1839 1019 1855 ‚
1050 1808 1261 1863 Sophorae
1290 1808 1544 1863 lupinoidis,
1576 1808 1662 1847 imo
1679 1818 1812 1846 aesta·-

128 1890 169 1920 te
198 1882 456 1934 Euplzorbiae
485 1884 698 1933 cujusdam
728 1887 782 1936 (ᾖ)
825 1885 1098 1923 macrorhizae
1127 1882 1188 1921 ibi
1219 1882 1437 1936 copiosae,
1480 1896 1585 1936 quae
1630 1883 1732 1921 licet
1761 1897 1800 1921 a-

128 1954 237 2004 cria,
276 1956 379 1995 adeo
411 1955 531 1994 avide
562 1955 611 1995 ab
647 1970 694 1995 ea
722 1958 938 2011 leguntur,
981 1967 1025 1995 ut
1054 1955 1126 1995 vix
1156 1967 1337 2002 matura,
1380 1956 1520 1995 omnia
1550 1956 1634 1996 cito
1665 1957 1804 2011 dispa-

130 2029 310 2077 ruerint,
356 2029 544 2084 mihique
575 2045 627 2070 ex
658 2030 886 2071 occisarum
918 2031 1213 2071 Columbarum
1255 2030 1442 2085 ingluvie
1473 2045 1547 2085 pro
1578 2030 1800 2071 seminario

129 2105 310 2159 petenda
336 2105 501 2145 fuerint.
562 2110 599 2161 (z
631 2107 992 2159 Quemadmodum
1033 2106 1221 2145 ardentes
1261 2105 1544 2160 Thymelaeae
1587 2107 1732 2146 baccas
1767 2122 1798 2148 s·

129 2193 301 2219 coccum
340 2180 529 2234 gnidium
561 2197 583 2220 a
626 2181 866 2221 Perdicibus
894 2192 936 2220 et
975 2180 1152 2220 aviculis
1183 2180 1270 2220 sine
1298 2196 1407 2221 noxa
1437 2180 1628 2231 comedi,
1675 2183 1798 2222 Clu-

130 2258 252 2295 sius
281 2255 587 2312 observavit:).
646 2259 756 2297 Haec
785 2255 978 2313 rupestris
1007 2255 1184 2296 varietas
1202 2289 1210 2300 .
1254 2271 1350 2297 cum
1377 2259 1580 2308 Turture,
1622 2256 1667 2297 in
1696 2256 1799 2312 apri-

181 2379 235 2422 (*)
258 2379 342 2414 Flor.
370 2380 482 2414 sibiric.
511 2383 578 2416 vol.
606 2378 656 2416 ΙΙ.
683 2392 715 2426 p.
744 2391 825 2427 229.
853 2382 918 2416 tab.
945 2382 1003 2428 95.
1029 2381 1092 2426 fig.
1118 2392 1145 2418 1.

1339 2468 1387 2506 71
