2196 2927
562 291 608 327 In
639 285 766 342 sylvis
796 283 933 342 pineis
960 299 1034 341 per
1063 298 1229 325 omnem
1261 282 1451 324 Rossiam
1480 294 1521 324 et
1552 282 1766 334 Sibiriam,
1811 286 1937 327 etiam
1967 287 2096 328 maxi-

422 379 488 406 me
518 362 754 403 borealibus
784 360 1041 416 regionibus,
1074 372 1115 400 et
1144 359 1188 400 in
1218 358 1553 401 Camtschatcam
1578 375 1706 415 usque
1729 361 1938 415 frequens;
1970 363 2097 403 etiam

420 439 574 495 hyeme
605 438 648 478 in
678 437 828 493 apricis
866 452 1077 491 nunquam
1120 446 1301 491 apparet.
1376 436 1510 475 Stulta
1551 435 1661 485 avis,
1707 436 1896 476 venatori
1939 438 2095 488 facilis,

420 514 507 554 imo
537 514 582 554 in
612 513 824 568 decipulas
867 511 1095 552 minoribus
1138 511 1234 551 feris
1275 510 1502 565 sciurisque
1545 522 1713 551 statutas
1759 527 1880 567 saepe
1932 512 2094 554 incidit.

419 593 547 630 Amat
577 588 821 645 praesertim
852 589 1056 629 Cembrae
1082 587 1252 627 nucleos
1281 598 1323 627 et
1351 586 1627 626 coniferarum
1652 587 1904 642 reliquarum
1934 587 2099 628 semini-

420 666 494 705 bus
535 665 733 720 praefert,
780 677 1003 717 eorumque
1047 677 1221 717 penum,
1262 674 1308 702 ut
1348 663 1395 704 C.
1434 664 1697 716 glandarius,
1743 663 1897 718 passim
1939 663 2096 704 condit.

419 739 599 780 Victitat
629 739 757 779 etiam
786 737 974 786 insectis,
1018 737 1361 792 vermiculisque,
1404 753 1506 792 quos
1536 755 1558 779 e
1589 737 1705 778 rimis
1736 740 1927 778 arborum
1958 740 2009 778 ad
2037 738 2097 778 in-

419 826 500 855 star
530 814 621 855 Pici
656 825 787 854 rostro
823 811 1024 853 extrahit.
1096 814 1266 852 Saeculo
1309 814 1558 866 sublinguali
1600 814 1769 856 nuculas
1812 813 1855 853 in
1901 812 2100 868 hyemem

419 891 658 930 condendas
688 889 894 929 transfert.
968 891 1016 927 In
1048 887 1200 928 Sibiria
1229 903 1351 943 saepe
1382 887 1542 943 magnis
1569 888 1714 928 turmis
1745 888 1945 943 migrant,
1984 904 2098 944 prae-

418 965 562 1005 sertim
592 980 754 1004 annona
783 964 1029 1004 nucleorum
1060 964 1262 1004 Cembrae
1294 962 1450 1003 alicubi
1478 975 1717 1018 premente,
1749 979 1832 1004 non
1856 964 1969 1004 omni
1995 980 2099 1005 anno

417 1053 459 1081 et
489 1041 647 1080 incerta
678 1054 862 1095 vagaque
892 1039 974 1079 via.
1033 1040 1190 1078 Eadem
1221 1039 1326 1078 forte
1358 1038 1518 1078 ratione
1548 1054 1600 1078 ex
1631 1039 1793 1094 alpibus
1817 1039 2031 1094 europaeis
2058 1039 2099 1079 in

416 1115 639 1171 planitiem
668 1114 845 1154 subinde
876 1115 1097 1170 emigrasse
1128 1125 1170 1154 et
1200 1113 1343 1154 hortos
1374 1115 1600 1154 devasttsse
1630 1114 1701 1168 (in
1732 1114 1892 1161 Gallia,
1936 1117 2100 1155 Germa-

419 1192 507 1241 nia,
555 1189 788 1237 Cornubia‚
832 1193 966 1243 caet.)
998 1190 1139 1230 audita
1169 1200 1243 1229 cst.
1316 1189 1413 1228 Fuit
1448 1201 1491 1228 et
1519 1188 1624 1229 haec
1654 1190 1825 1230 omnino
1854 1194 1975 1230 Nova
2013 1188 2099 1229 avis

418 1267 576 1307 Plinii
607 1269 698 1306 hist.
729 1276 811 1306 nat.
841 1267 911 1305 lib.
942 1267 994 1305 X.
1025 1281 1115 1319 cap.
1147 1275 1213 1315 49.
1243 1278 1384 1317 „quae
1416 1265 1628 1304 debellato
1659 1264 1829 1305 Othone
1860 1264 1903 1304 in
1935 1264 2098 1304 Italiam

419 1352 565 1391 „trans
596 1341 752 1381 Padum
781 1340 950 1395 copiose
982 1340 1171 1389 advenit,
1204 1350 1324 1394 gustu
1354 1346 1505 1393 g1·ata“
1537 1351 1578 1379 et
1608 1339 1780 1380 omnino
1812 1339 1983 1394 quidem
2006 1354 2099 1379 caro

420 1416 591 1471 sapida,
634 1417 884 1456 ferculorum
924 1431 1004 1455 non
1050 1415 1237 1470 indigna.
1323 1417 1448 1455 Anno
1498 1421 1613 1466 1780.
1655 1429 1799 1454 mense
1843 1413 2099 1470 Septembri,

418 1490 738 1540 Astmchaniae,
783 1502 876 1546 post
914 1505 1107 1545 magnam
1145 1506 1166 1529 a
1196 1490 1384 1531 Locustis
1428 1491 1732 1537 calamitatem,
1776 1489 1937 1545 copiosi
1981 1506 2099 1546 appa-

419 1580 536 1605 ruere
567 1566 910 1620 Caryocatactae,
943 1565 987 1605 in
1030 1565 1275 1606 australibus
1314 1567 1366 1605 ad
1395 1567 1574 1620 Volgam
1603 1565 1703 1606 alias
1733 1581 1943 1621 nunquam
1973 1565 2098 1615 visae,

420 1652 463 1682 et
492 1653 671 1696 stragem
700 1640 871 1681 istarum
901 1641 1136 1681 ediderunt.
1198 1646 1263 1681 An
1293 1657 1314 1681 e
1347 1641 1521 1683 Caucasi
1552 1641 1799 1682 altioribus?

554 1718 702 1756 Nota.
760 1718 923 1757 Pondus
953 1716 1155 1757 semilibri
1184 1718 1308 1772 paulo
1339 1717 1487 1757 minus.
1547 1719 1728 1770 Linguae
1757 1718 1917 1756 frenum
1944 1715 2098 1764 laxum,

418 1792 463 1832 in
491 1807 655 1832 saccum
683 1792 980 1845 sublingualem
1010 1791 1249 1841 dilatabile‚
1293 1792 1366 1846 qui
1407 1794 1458 1832 ad
1495 1795 1730 1845 Laryngem
1759 1805 1886 1844 usque
1917 1806 1989 1845 per
2033 1805 2101 1845 gu-

420 1866 503 1905 lam
534 1865 798 1912 extenditur,
836 1877 879 1905 et
907 1865 951 1904 in
980 1879 1062 1919 quo
1091 1864 1178 1904 avis
1208 1866 1376 1905 nucleos
1408 1867 1612 1907 Cembrae
1642 1866 1749 1905 ultra
1780 1873 1844 1907 50.
1875 1864 2100 1905 semuncia-

418 1939 470 1980 lis
500 1940 716 1995 ponderiS,
749 1941 1000 1981 circumfert.
1058 1942 1295 1980 Intestz'num
1323 1940 1527 1995 pollicum
1559 1948 1618 1982 18.
1657 1943 1789 1982 coeca
1810 1940 1999 1996 aequalia
2030 1941 2098 1982 3¹²².

798 2023 882 2076 54.
977 2017 1015 2062 C
1046 2020 1086 2061 O
1116 2021 1154 2062 R
1185 2022 1227 2062 V
1256 2021 1297 2062 U
1325 2021 1352 2062 S
1427 2020 1715 2064 Graculus.

553 2091 604 2133 C.
636 2090 855 2131 violaceo·
875 2090 1112 2138 atei-rimus,
1147 2103 1277 2131 rostro
1307 2092 1565 2147 pedibusque
1595 2091 1740 2133 rubris.

638 2166 833 2208 Coracias
864 2177 994 2207 rostro
1023 2166 1285 2222 pedibusque
1315 2167 1470 2217 rubris,
1507 2170 1662 2210 Bellon.
1696 2185 1756 2209 av.
1788 2173 1889 2210 icon.
1918 2183 1983 2221 70.
2025 2167 2099 2205 La.⁴

697 2244 819 2281 tham.
850 2257 942 2296 syn.
972 2245 1004 2282 Ι.
1037 2259 1076 2297 p.
1107 2251 1201 2293 401.
1239 2260 1276 2283 n.
1307 2250 1371 2295 39.

641 2316 836 2359 Coracias
865 2318 1170 2368 cornubiensis,
1208 2320 1426 2376 Willughb.
1457 2337 1541 2377 qrn.
1573 2337 1612 2377 p.
1643 2328 1708 2363 86.
1740 2321 1822 2362 tab.
1860 2337 1918 2371 19.
1963 2316 2097 2359 Albin.

691 2409 758 2436 av.
786 2395 821 2435 Ι.
851 2411 891 2449 p.
929 2412 988 2450 17.
1018 2395 1102 2436 tab.
1132 2403 1196 2446 24.
