<?xml version="1.0" encoding="UTF-8"?>
<!DOCTYPE html PUBLIC "-//W3C//DTD XHTML 1.0 Transitional//EN"
    "http://www.w3.org/TR/xhtml1/DTD/xhtml1-transitional.dtd">
<html xmlns="http://www.w3.org/1999/xhtml" xml:lang="en" lang="en">
 <head>
  <title>
</title>
<meta http-equiv="Content-Type" content="text/html;charset=utf-8" />
  <meta name='ocr-system' content='tesseract 3.04.00' />
  <meta name='ocr-capabilities' content='ocr_page ocr_carea ocr_par ocr_line ocrx_word'/>
</head>
<body>
  <div class='ocr_page' id='page_1' title='image "./zoographiarossoa11831pall_0360.png"; bbox 0 0 2196 2927; ppageno 0'>
   <div class='ocr_carea' id='block_1_1' title="bbox 439 176 1336 221">
    <p class='ocr_par' dir='ltr' id='par_1_1' title="bbox 439 176 1336 221">
     <span class='ocr_line' id='line_1_1' title="bbox 439 176 1336 221; baseline -0.011 -9"><span class='ocrx_word' id='word_1_1' title='bbox 439 176 524 221; x_wconf 72' lang='grc'>328</span> <span class='ocrx_word' id='word_1_2' title='bbox 1192 177 1336 203; x_wconf 48' lang='grc' dir='ltr'>Ε</span> 
     </span>
    </p>
   </div>
   <div class='ocr_carea' id='block_1_2' title="bbox 410 275 2112 2355">
    <p class='ocr_par' dir='ltr' id='par_1_2' title="bbox 410 275 2112 2355">
     <span class='ocr_line' id='line_1_2' title="bbox 572 275 2110 336; baseline 0.001 -16"><span class='ocrx_word' id='word_1_3' title='bbox 572 279 808 320; x_wconf 70' lang='lat' dir='ltr'>Nobilitate</span> <span class='ocrx_word' id='word_1_4' title='bbox 839 279 1018 319; x_wconf 79' lang='lat' dir='ltr'>secunda</span> <span class='ocrx_word' id='word_1_5' title='bbox 1045 277 1150 319; x_wconf 85' lang='lat' dir='ltr'>haec</span> <span class='ocrx_word' id='word_1_6' title='bbox 1181 276 1359 334; x_wconf 86' lang='lat' dir='ltr'>species,</span> <span class='ocrx_word' id='word_1_7' title='bbox 1403 275 1500 332; x_wconf 77' lang='lat' dir='ltr'>quia</span> <span class='ocrx_word' id='word_1_8' title='bbox 1529 276 1691 332; x_wconf 85' lang='lat' dir='ltr'>saepius</span> <span class='ocrx_word' id='word_1_9' title='bbox 1721 279 1919 330; x_wconf 85' lang='lat' dir='ltr'>occurrit,</span> <span class='ocrx_word' id='word_1_10' title='bbox 1964 290 2006 322; x_wconf 91' lang='lat' dir='ltr'>et</span> <span class='ocrx_word' id='word_1_11' title='bbox 2036 295 2110 336; x_wconf 89' lang='lat' dir='ltr'>pro</span> 
     </span>
     <span class='ocr_line' id='line_1_3' title="bbox 438 352 2111 408; baseline -0.001 -13"><span class='ocrx_word' id='word_1_12' title='bbox 438 367 572 396; x_wconf 86' lang='lat' dir='ltr'>aetate</span> <span class='ocrx_word' id='word_1_13' title='bbox 603 356 784 395; x_wconf 86' lang='lat' dir='ltr'>colorem</span> <span class='ocrx_word' id='word_1_14' title='bbox 816 365 965 404; x_wconf 85' lang='lat' dir='ltr'>mutat,</span> <span class='ocrx_word' id='word_1_15' title='bbox 1011 356 1061 395; x_wconf 91' lang='lat' dir='ltr'>ab</span> <span class='ocrx_word' id='word_1_16' title='bbox 1099 353 1332 394; x_wconf 87' lang='lat' dir='ltr'>auctoribus</span> <span class='ocrx_word' id='word_1_17' title='bbox 1370 352 1474 392; x_wconf 87' lang='lat' dir='ltr'>mire</span> <span class='ocrx_word' id='word_1_18' title='bbox 1518 352 1798 408; x_wconf 81' lang='lat' dir='ltr'>multiplicata</span> <span class='ocrx_word' id='word_1_19' title='bbox 1844 366 1918 395; x_wconf 90' lang='lat' dir='ltr'>est.</span> <span class='ocrx_word' id='word_1_20' title='bbox 1990 357 2111 398; x_wconf 83' lang='lat' dir='ltr'>Circa</span> 
     </span>
     <span class='ocr_line' id='line_1_4' title="bbox 437 427 2110 485; baseline 0.001 -15"><span class='ocrx_word' id='word_1_21' title='bbox 437 431 634 471; x_wconf 82' lang='lat' dir='ltr'>Uralense</span> <span class='ocrx_word' id='word_1_22' title='bbox 666 433 804 484; x_wconf 80' lang='lat' dir='ltr'>jugum</span> <span class='ocrx_word' id='word_1_23' title='bbox 834 441 876 469; x_wconf 90' lang='lat' dir='ltr'>et</span> <span class='ocrx_word' id='word_1_24' title='bbox 905 429 948 469; x_wconf 91' lang='lat' dir='ltr'>in</span> <span class='ocrx_word' id='word_1_25' title='bbox 977 429 1222 485; x_wconf 88' lang='lat' dir='ltr'>alpestribus</span> <span class='ocrx_word' id='word_1_26' title='bbox 1252 428 1429 469; x_wconf 76' lang='lat' dir='ltr'>Sibiriae</span> <span class='ocrx_word' id='word_1_27' title='bbox 1468 428 1595 468; x_wconf 87' lang='lat' dir='ltr'>etiam</span> <span class='ocrx_word' id='word_1_28' title='bbox 1625 427 1838 468; x_wconf 86' lang='lat' dir='ltr'>orientalis</span> <span class='ocrx_word' id='word_1_29' title='bbox 1867 429 2020 485; x_wconf 87' lang='lat' dir='ltr'>ubique</span> <span class='ocrx_word' id='word_1_30' title='bbox 2049 443 2110 472; x_wconf 88' lang='lat' dir='ltr'>est</span> 
     </span>
     <span class='ocr_line' id='line_1_5' title="bbox 434 502 2111 560; baseline 0.001 -16"><span class='ocrx_word' id='word_1_31' title='bbox 434 505 661 560; x_wconf 89' lang='lat' dir='ltr'>inquilina,</span> <span class='ocrx_word' id='word_1_32' title='bbox 706 505 904 559; x_wconf 79' lang='lat' dir='ltr'>hyemem</span> <span class='ocrx_word' id='word_1_33' title='bbox 934 504 1173 559; x_wconf 81' lang='lat' dir='ltr'>migratoria</span> <span class='ocrx_word' id='word_1_34' title='bbox 1202 503 1375 558; x_wconf 79' lang='lat' dir='ltr'><strong>fugiens.</strong></span> <span class='ocrx_word' id='word_1_35' title='bbox 1447 507 1493 543; x_wconf 94' lang='lat' dir='ltr'>In</span> <span class='ocrx_word' id='word_1_36' title='bbox 1523 502 1669 543; x_wconf 85' lang='lat' dir='ltr'>insulis</span> <span class='ocrx_word' id='word_1_37' title='bbox 1701 503 1854 544; x_wconf 88' lang='lat' dir='ltr'>Curilis</span> <span class='ocrx_word' id='word_1_38' title='bbox 1884 504 2011 545; x_wconf 88' lang='lat' dir='ltr'>occisi</span> <span class='ocrx_word' id='word_1_39' title='bbox 2043 507 2111 546; x_wconf 85' lang='lat' dir='ltr'>de-</span> 
     </span>
     <span class='ocr_line' id='line_1_6' title="bbox 434 578 2111 635; baseline 0 -16"><span class='ocrx_word' id='word_1_40' title='bbox 434 580 702 635; x_wconf 69' lang='lat' dir='ltr'>scriptionem</span> <span class='ocrx_word' id='word_1_41' title='bbox 731 579 775 619; x_wconf 90' lang='lat' dir='ltr'>in</span> <span class='ocrx_word' id='word_1_42' title='bbox 806 578 971 619; x_wconf 87' lang='lat' dir='ltr'>schedis</span> <span class='ocrx_word' id='word_1_43' title='bbox 1001 582 1206 620; x_wconf 74' lang='lat' dir='ltr'>Scelleri</span> <span class='ocrx_word' id='word_1_44' title='bbox 1235 579 1393 619; x_wconf 86' lang='lat' dir='ltr'>inveni.</span> <span class='ocrx_word' id='word_1_45' title='bbox 1462 582 1571 619; x_wconf 88' lang='lat' dir='ltr'>Vere</span> <span class='ocrx_word' id='word_1_46' title='bbox 1616 578 1762 631; x_wconf 88' lang='lat' dir='ltr'>(initio</span> <span class='ocrx_word' id='word_1_47' title='bbox 1792 578 1961 619; x_wconf 75' lang='lat' dir='ltr'>circiter</span> <span class='ocrx_word' id='word_1_48' title='bbox 1990 580 2111 635; x_wconf 88' lang='lat' dir='ltr'>Apri-</span> 
     </span>
     <span class='ocr_line' id='line_1_7' title="bbox 434 653 2112 709; baseline 0 -15"><span class='ocrx_word' id='word_1_49' title='bbox 434 654 523 707; x_wconf 73' lang='lat' dir='ltr'>lis),</span> <span class='ocrx_word' id='word_1_50' title='bbox 556 670 650 695; x_wconf 89' lang='lat' dir='ltr'>cum</span> <span class='ocrx_word' id='word_1_51' title='bbox 681 654 903 708; x_wconf 85' lang='lat' dir='ltr'>majoribus</span> <span class='ocrx_word' id='word_1_52' title='bbox 934 654 1077 694; x_wconf 86' lang='lat' dir='ltr'>avibus</span> <span class='ocrx_word' id='word_1_53' title='bbox 1108 653 1310 709; x_wconf 81' lang='lat' dir='ltr'>aquaticis</span> <span class='ocrx_word' id='word_1_54' title='bbox 1340 669 1393 694; x_wconf 85' lang='lat' dir='ltr'>ex</span> <span class='ocrx_word' id='word_1_55' title='bbox 1425 665 1560 694; x_wconf 86' lang='lat' dir='ltr'>austro</span> <span class='ocrx_word' id='word_1_56' title='bbox 1591 655 1788 694; x_wconf 87' lang='lat' dir='ltr'>adventat</span> <span class='ocrx_word' id='word_1_57' title='bbox 1814 668 1965 708; x_wconf 82' lang='lat' dir='ltr'>easque</span> <span class='ocrx_word' id='word_1_58' title='bbox 1995 654 2112 708; x_wconf 87' lang='lat' dir='ltr'>quasi</span> 
     </span>
     <span class='ocr_line' id='line_1_8' title="bbox 432 727 2112 784; baseline -0.001 -14"><span class='ocrx_word' id='word_1_59' title='bbox 432 730 674 776; x_wconf 79' lang='lat' dir='ltr'>comitatur,</span> <span class='ocrx_word' id='word_1_60' title='bbox 717 730 826 768; x_wconf 80' lang='lat' dir='ltr'>unde</span> <span class='ocrx_word' id='word_1_61' title='bbox 859 739 958 768; x_wconf 87' lang='lat' dir='ltr'>tunc</span> <span class='ocrx_word' id='word_1_62' title='bbox 989 729 1096 769; x_wconf 84' lang='lat' dir='ltr'>circa</span> <span class='ocrx_word' id='word_1_63' title='bbox 1130 727 1322 783; x_wconf 89' lang='lat' dir='ltr'>Caspiam</span> <span class='ocrx_word' id='word_1_64' title='bbox 1351 729 1546 783; x_wconf 77' lang='lat' dir='ltr'>paludem</span> <span class='ocrx_word' id='word_1_65' title='bbox 1589 740 1630 768; x_wconf 90' lang='lat' dir='ltr'>et</span> <span class='ocrx_word' id='word_1_66' title='bbox 1659 729 1702 768; x_wconf 88' lang='lat' dir='ltr'>in</span> <span class='ocrx_word' id='word_1_67' title='bbox 1745 740 1878 769; x_wconf 86' lang='lat' dir='ltr'>tractu</span> <span class='ocrx_word' id='word_1_68' title='bbox 1922 728 2112 784; x_wconf 88' lang='lat' dir='ltr'>Rhymni</span> 
     </span>
     <span class='ocr_line' id='line_1_9' title="bbox 431 800 2109 859; baseline 0 -15"><span class='ocrx_word' id='word_1_69' title='bbox 431 806 622 859; x_wconf 82' lang='lat' dir='ltr'>frequens</span> <span class='ocrx_word' id='word_1_70' title='bbox 654 813 836 858; x_wconf 78' lang='lat' dir='ltr'>apparet.</span> <span class='ocrx_word' id='word_1_71' title='bbox 894 804 996 843; x_wconf 85' lang='lat' dir='ltr'>Inde</span> <span class='ocrx_word' id='word_1_72' title='bbox 1037 803 1188 857; x_wconf 77' lang='lat' dir='ltr'>migrat</span> <span class='ocrx_word' id='word_1_73' title='bbox 1215 800 1450 843; x_wconf 67' lang='lat' dir='ltr'>&#39;secundum</span> <span class='ocrx_word' id='word_1_74' title='bbox 1489 815 1680 843; x_wconf 86' lang='lat' dir='ltr'>catenam</span> <span class='ocrx_word' id='word_1_75' title='bbox 1719 805 1923 844; x_wconf 86' lang='lat' dir='ltr'>montium</span> <span class='ocrx_word' id='word_1_76' title='bbox 1954 804 2109 844; x_wconf 83' lang='lat' dir='ltr'>uralen-</span> 
     </span>
     <span class='ocr_line' id='line_1_10' title="bbox 430 877 2110 933; baseline 0 -15"><span class='ocrx_word' id='word_1_77' title='bbox 430 879 555 927; x_wconf 81' lang='lat' dir='ltr'>sium,</span> <span class='ocrx_word' id='word_1_78' title='bbox 588 894 662 933; x_wconf 84' lang='lat' dir='ltr'>per</span> <span class='ocrx_word' id='word_1_79' title='bbox 692 893 814 932; x_wconf 84' lang='lat' dir='ltr'>quam</span> <span class='ocrx_word' id='word_1_80' title='bbox 846 879 896 917; x_wconf 89' lang='lat' dir='ltr'>ad</span> <span class='ocrx_word' id='word_1_81' title='bbox 925 878 1045 918; x_wconf 89' lang='lat' dir='ltr'>nidos</span> <span class='ocrx_word' id='word_1_82' title='bbox 1074 877 1226 932; x_wconf 84' lang='lat' dir='ltr'>passim</span> <span class='ocrx_word' id='word_1_83' title='bbox 1258 877 1527 932; x_wconf 81' lang='lat' dir='ltr'>dispergitur,</span> <span class='ocrx_word' id='word_1_84' title='bbox 1571 894 1697 933; x_wconf 89' lang='lat' dir='ltr'>usque</span> <span class='ocrx_word' id='word_1_85' title='bbox 1735 878 1779 918; x_wconf 91' lang='lat' dir='ltr'>in</span> <span class='ocrx_word' id='word_1_86' title='bbox 1809 879 1997 933; x_wconf 81' lang='lat' dir='ltr'>regiones</span> <span class='ocrx_word' id='word_1_87' title='bbox 2028 894 2110 918; x_wconf 87' lang='lat' dir='ltr'>ma-</span> 
     </span>
     <span class='ocr_line' id='line_1_11' title="bbox 433 951 2112 1019; baseline 0 -27"><span class='ocrx_word' id='word_1_88' title='bbox 433 954 549 992; x_wconf 68' lang='lat' dir='ltr'>xime</span> <span class='ocrx_word' id='word_1_89' title='bbox 580 954 784 1001; x_wconf 82' lang='lat' dir='ltr'>boreales,</span> <span class='ocrx_word' id='word_1_90' title='bbox 817 953 920 992; x_wconf 86' lang='lat' dir='ltr'>mari</span> <span class='ocrx_word' id='word_1_91' title='bbox 949 952 1119 1007; x_wconf 79' lang='lat' dir='ltr'>glaciali</span> <span class='ocrx_word' id='word_1_92' title='bbox 1149 952 1327 999; x_wconf 85' lang='lat' dir='ltr'>vicinas;</span> <span class='ocrx_word' id='word_1_93' title='bbox 1351 951 1501 1019; x_wconf 53' lang='grc' dir='ltr'>ι11313111</span> <span class='ocrx_word' id='word_1_94' title='bbox 1531 953 1641 992; x_wconf 81' lang='lat' dir='ltr'>enim</span> <span class='ocrx_word' id='word_1_95' title='bbox 1672 953 1781 994; x_wconf 61' lang='lat' dir='ltr'>inde,</span> <span class='ocrx_word' id='word_1_96' title='bbox 1816 954 1986 993; x_wconf 83' lang='lat' dir='ltr'>allatum</span> <span class='ocrx_word' id='word_1_97' title='bbox 2015 969 2112 993; x_wconf 90' lang='lat' dir='ltr'>cum</span> 
     </span>
     <span class='ocr_line' id='line_1_12' title="bbox 429 1027 2112 1082; baseline 0 -15"><span class='ocrx_word' id='word_1_98' title='bbox 429 1028 534 1068; x_wconf 84' lang='lat' dir='ltr'>ovis.</span> <span class='ocrx_word' id='word_1_99' title='bbox 596 1033 705 1067; x_wconf 84' lang='lat' dir='ltr'>Intra</span> <span class='ocrx_word' id='word_1_100' title='bbox 735 1028 924 1067; x_wconf 78' lang='lat' dir='ltr'>Rossiam</span> <span class='ocrx_word' id='word_1_101' title='bbox 963 1028 1034 1067; x_wconf 84' lang='lat' dir='ltr'>vix</span> <span class='ocrx_word' id='word_1_102' title='bbox 1071 1027 1152 1067; x_wconf 89' lang='lat' dir='ltr'>nisi</span> <span class='ocrx_word' id='word_1_103' title='bbox 1195 1029 1380 1067; x_wconf 84' lang='lat' dir='ltr'>excelsas</span> <span class='ocrx_word' id='word_1_104' title='bbox 1424 1027 1531 1082; x_wconf 80' lang='lat' dir='ltr'>ripas</span> <span class='ocrx_word' id='word_1_105' title='bbox 1574 1029 1799 1074; x_wconf 74' lang='lat' dir='ltr'>calcareas,</span> <span class='ocrx_word' id='word_1_106' title='bbox 1840 1027 1946 1067; x_wconf 85' lang='lat' dir='ltr'>infra</span> <span class='ocrx_word' id='word_1_107' title='bbox 1991 1028 2112 1068; x_wconf 90' lang='lat' dir='ltr'>Casa-</span> 
     </span>
     <span class='ocr_line' id='line_1_13' title="bbox 430 1102 2111 1158; baseline -0.001 -16"><span class='ocrx_word' id='word_1_108' title='bbox 430 1102 545 1142; x_wconf 66' lang='lat' dir='ltr'>nium</span> <span class='ocrx_word' id='word_1_109' title='bbox 576 1104 801 1142; x_wconf 85' lang='lat' dir='ltr'>secundum</span> <span class='ocrx_word' id='word_1_110' title='bbox 833 1103 1010 1157; x_wconf 81' lang='lat' dir='ltr'>Volgam</span> <span class='ocrx_word' id='word_1_111' title='bbox 1041 1114 1279 1158; x_wconf 79' lang='lat' dir='ltr'>praeruptas</span> <span class='ocrx_word' id='word_1_112' title='bbox 1309 1102 1479 1149; x_wconf 79' lang='lat' dir='ltr'>incolit,</span> <span class='ocrx_word' id='word_1_113' title='bbox 1516 1118 1688 1157; x_wconf 85' lang='lat' dir='ltr'>quarum</span> <span class='ocrx_word' id='word_1_114' title='bbox 1718 1102 1817 1142; x_wconf 83' lang='lat' dir='ltr'>inde</span> <span class='ocrx_word' id='word_1_115' title='bbox 1847 1118 1958 1157; x_wconf 85' lang='lat' dir='ltr'>pars,</span> <span class='ocrx_word' id='word_1_116' title='bbox 1992 1118 2111 1157; x_wconf 86' lang='lat' dir='ltr'>supra</span> 
     </span>
     <span class='ocr_line' id='line_1_14' title="bbox 430 1176 2110 1232; baseline -0.001 -15"><span class='ocrx_word' id='word_1_117' title='bbox 430 1181 621 1218; x_wconf 81' lang='lat' dir='ltr'>Samarae</span> <span class='ocrx_word' id='word_1_118' title='bbox 652 1177 824 1224; x_wconf 87' lang='lat' dir='ltr'>ostium,</span> <span class='ocrx_word' id='word_1_119' title='bbox 854 1179 1013 1218; x_wconf 73' lang='lat' dir='ltr'>Sokolie</span> <span class='ocrx_word' id='word_1_120' title='bbox 1038 1194 1150 1232; x_wconf 81' lang='lat' dir='ltr'>gory</span> <span class='ocrx_word' id='word_1_121' title='bbox 1178 1178 1423 1232; x_wconf 85' lang='lat' dir='ltr'>appellatur.</span> <span class='ocrx_word' id='word_1_122' title='bbox 1473 1176 1691 1217; x_wconf 86' lang='lat' dir='ltr'>Baschkiri</span> <span class='ocrx_word' id='word_1_123' title='bbox 1716 1177 1936 1231; x_wconf 84' lang='lat' dir='ltr'>quotannis</span> <span class='ocrx_word' id='word_1_124' title='bbox 1961 1191 1983 1216; x_wconf 91' lang='lat' dir='ltr'>e</span> <span class='ocrx_word' id='word_1_125' title='bbox 2006 1192 2110 1216; x_wconf 83' lang='lat' dir='ltr'>sum-</span> 
     </span>
     <span class='ocr_line' id='line_1_15' title="bbox 430 1250 2109 1308; baseline -0.001 -15"><span class='ocrx_word' id='word_1_126' title='bbox 430 1253 508 1293; x_wconf 83' lang='lat' dir='ltr'>mis</span> <span class='ocrx_word' id='word_1_127' title='bbox 539 1263 580 1291; x_wconf 82' lang='lat' dir='ltr'>et</span> <span class='ocrx_word' id='word_1_128' title='bbox 608 1252 827 1292; x_wconf 79' lang='lat' dir='ltr'>inaccessis</span> <span class='ocrx_word' id='word_1_129' title='bbox 850 1253 1019 1307; x_wconf 84' lang='lat' dir='ltr'>rupibus</span> <span class='ocrx_word' id='word_1_130' title='bbox 1048 1253 1183 1308; x_wconf 88' lang='lat' dir='ltr'>pullos</span> <span class='ocrx_word' id='word_1_131' title='bbox 1207 1251 1373 1306; x_wconf 87' lang='lat' dir='ltr'>rapiunt</span> <span class='ocrx_word' id='word_1_132' title='bbox 1395 1262 1437 1290; x_wconf 88' lang='lat' dir='ltr'>et</span> <span class='ocrx_word' id='word_1_133' title='bbox 1460 1252 1660 1297; x_wconf 82' lang='lat' dir='ltr'>educant3</span> <span class='ocrx_word' id='word_1_134' title='bbox 1690 1250 1823 1290; x_wconf 86' lang='lat' dir='ltr'>adulti</span> <span class='ocrx_word' id='word_1_135' title='bbox 1847 1252 1979 1300; x_wconf 84' lang='lat' dir='ltr'>enim,</span> <span class='ocrx_word' id='word_1_136' title='bbox 2011 1266 2109 1306; x_wconf 86' lang='lat' dir='ltr'>prae</span> 
     </span>
     <span class='ocr_line' id='line_1_16' title="bbox 428 1326 2109 1382; baseline 0 -16"><span class='ocrx_word' id='word_1_137' title='bbox 428 1327 615 1370; x_wconf 75' lang='lat' dir='ltr'>feritate,</span> <span class='ocrx_word' id='word_1_138' title='bbox 648 1326 721 1365; x_wconf 85' lang='lat' dir='ltr'>vix</span> <span class='ocrx_word' id='word_1_139' title='bbox 750 1326 918 1366; x_wconf 85' lang='lat' dir='ltr'>educari</span> <span class='ocrx_word' id='word_1_140' title='bbox 948 1343 1067 1382; x_wconf 88' lang='lat' dir='ltr'>posse</span> <span class='ocrx_word' id='word_1_141' title='bbox 1099 1328 1317 1367; x_wconf 82' lang='lat' dir='ltr'>ferruntur.</span> <span class='ocrx_word' id='word_1_142' title='bbox 1374 1326 1529 1366; x_wconf 80' lang='lat' dir='ltr'>Nidum</span> <span class='ocrx_word' id='word_1_143' title='bbox 1558 1340 1677 1380; x_wconf 88' lang='lat' dir='ltr'>supra</span> <span class='ocrx_word' id='word_1_144' title='bbox 1708 1341 1826 1374; x_wconf 84' lang='lat' dir='ltr'>saxa,</span> <span class='ocrx_word' id='word_1_145' title='bbox 1867 1341 1888 1366; x_wconf 93' lang='lat' dir='ltr'>e</span> <span class='ocrx_word' id='word_1_146' title='bbox 1919 1326 2109 1380; x_wconf 78' lang='lat' dir='ltr'>virgultis</span> 
     </span>
     <span class='ocr_line' id='line_1_17' title="bbox 430 1399 2108 1456; baseline -0.001 -14"><span class='ocrx_word' id='word_1_147' title='bbox 430 1405 559 1451; x_wconf 79' lang='lat' dir='ltr'>texit,</span> <span class='ocrx_word' id='word_1_148' title='bbox 605 1402 672 1440; x_wconf 86' lang='lat' dir='ltr'>vel</span> <span class='ocrx_word' id='word_1_149' title='bbox 702 1402 855 1440; x_wconf 82' lang='lat' dir='ltr'>nudam</span> <span class='ocrx_word' id='word_1_150' title='bbox 887 1403 1035 1441; x_wconf 84' lang='lat' dir='ltr'>fossam</span> <span class='ocrx_word' id='word_1_151' title='bbox 1066 1401 1225 1456; x_wconf 76' lang='lat' dir='ltr'>seligit,</span> <span class='ocrx_word' id='word_1_152' title='bbox 1266 1401 1310 1440; x_wconf 91' lang='lat' dir='ltr'>in</span> <span class='ocrx_word' id='word_1_153' title='bbox 1354 1401 1457 1449; x_wconf 89' lang='lat' dir='ltr'>alto,</span> <span class='ocrx_word' id='word_1_154' title='bbox 1501 1399 1604 1440; x_wconf 89' lang='lat' dir='ltr'>locis</span> <span class='ocrx_word' id='word_1_155' title='bbox 1634 1400 1817 1439; x_wconf 80' lang='lat' dir='ltr'>maxime</span> <span class='ocrx_word' id='word_1_156' title='bbox 1863 1401 2108 1456; x_wconf 75' lang='lat' dir='ltr'>praeruptis,</span> 
     </span>
     <span class='ocr_line' id='line_1_18' title="bbox 433 1474 2110 1532; baseline -0.001 -16"><span class='ocrx_word' id='word_1_157' title='bbox 433 1478 525 1517; x_wconf 70' lang='lat' dir='ltr'>Ova</span> <span class='ocrx_word' id='word_1_158' title='bbox 554 1477 799 1532; x_wconf 87' lang='lat' dir='ltr'>plerumque</span> <span class='ocrx_word' id='word_1_159' title='bbox 830 1476 948 1525; x_wconf 86' lang='lat' dir='ltr'>bina,</span> <span class='ocrx_word' id='word_1_160' title='bbox 980 1476 1108 1516; x_wconf 86' lang='lat' dir='ltr'>rarius</span> <span class='ocrx_word' id='word_1_161' title='bbox 1137 1488 1275 1522; x_wconf 81' lang='lat' dir='ltr'>terna,</span> <span class='ocrx_word' id='word_1_162' title='bbox 1304 1474 1510 1515; x_wconf 84' lang='lat' dir='ltr'>rarissime</span> <span class='ocrx_word' id='word_1_163' title='bbox 1530 1474 1720 1523; x_wconf 82' lang='lat' dir='ltr'>unicum,</span> <span class='ocrx_word' id='word_1_164' title='bbox 1753 1476 2110 1529; x_wconf 81' lang='lat' dir='ltr'>globoso-ovalia,</span> 
     </span>
     <span class='ocr_line' id='line_1_19' title="bbox 430 1549 2108 1604; baseline -0.001 -13"><span class='ocrx_word' id='word_1_165' title='bbox 430 1550 605 1591; x_wconf 86' lang='lat' dir='ltr'>lateritii</span> <span class='ocrx_word' id='word_1_166' title='bbox 634 1551 805 1600; x_wconf 88' lang='lat' dir='ltr'>coloris,</span> <span class='ocrx_word' id='word_1_167' title='bbox 836 1551 1052 1591; x_wconf 87' lang='lat' dir='ltr'>saturatius</span> <span class='ocrx_word' id='word_1_168' title='bbox 1083 1552 1172 1591; x_wconf 82' lang='lat' dir='ltr'>rufo</span> <span class='ocrx_word' id='word_1_169' title='bbox 1210 1549 1431 1590; x_wconf 83' lang='lat' dir='ltr'>confertim</span> <span class='ocrx_word' id='word_1_170' title='bbox 1461 1550 1652 1598; x_wconf 79' lang='lat' dir='ltr'>irrorata,</span> <span class='ocrx_word' id='word_1_171' title='bbox 1683 1551 1867 1604; x_wconf 85' lang='lat' dir='ltr'>pondere</span> <span class='ocrx_word' id='word_1_172' title='bbox 1898 1550 2108 1590; x_wconf 83' lang='lat' dir='ltr'>drachma-</span> 
     </span>
     <span class='ocr_line' id='line_1_20' title="bbox 429 1625 2107 1680; baseline -0.001 -14"><span class='ocrx_word' id='word_1_173' title='bbox 429 1643 519 1666; x_wconf 86' lang='lat' dir='ltr'>rum</span> <span class='ocrx_word' id='word_1_174' title='bbox 550 1630 631 1668; x_wconf 66' lang='lat' dir='ltr'>Xss.</span> <span class='ocrx_word' id='word_1_175' title='bbox 689 1626 773 1666; x_wconf 88' lang='lat' dir='ltr'>Ubi</span> <span class='ocrx_word' id='word_1_176' title='bbox 803 1626 1014 1666; x_wconf 87' lang='lat' dir='ltr'>nidulatur</span> <span class='ocrx_word' id='word_1_177' title='bbox 1042 1626 1189 1672; x_wconf 84' lang='lat' dir='ltr'>Falco,</span> <span class='ocrx_word' id='word_1_178' title='bbox 1235 1640 1328 1665; x_wconf 87' lang='lat' dir='ltr'>aves</span> <span class='ocrx_word' id='word_1_179' title='bbox 1360 1626 1483 1673; x_wconf 88' lang='lat' dir='ltr'>aliae,</span> <span class='ocrx_word' id='word_1_180' title='bbox 1528 1625 1771 1680; x_wconf 83' lang='lat' dir='ltr'>praesertim</span> <span class='ocrx_word' id='word_1_181' title='bbox 1802 1625 2033 1680; x_wconf 75' lang='lat' dir='ltr'>aquaticae,</span> <span class='ocrx_word' id='word_1_182' title='bbox 2063 1625 2107 1665; x_wconf 90' lang='lat' dir='ltr'>in</span> 
     </span>
     <span class='ocr_line' id='line_1_21' title="bbox 431 1699 2106 1755; baseline -0.002 -13"><span class='ocrx_word' id='word_1_183' title='bbox 431 1701 588 1742; x_wconf 80' lang='lat' dir='ltr'>vicinia</span> <span class='ocrx_word' id='word_1_184' title='bbox 619 1702 854 1755; x_wconf 88' lang='lat' dir='ltr'>frequentes</span> <span class='ocrx_word' id='word_1_185' title='bbox 883 1701 957 1741; x_wconf 87' lang='lat' dir='ltr'>nid</span> <span class='ocrx_word' id='word_1_186' title='bbox 977 1703 1097 1741; x_wconf 89' lang='lat' dir='ltr'>ficare</span> <span class='ocrx_word' id='word_1_187' title='bbox 1128 1702 1419 1747; x_wconf 83' lang='lat' dir='ltr'>observantur,</span> <span class='ocrx_word' id='word_1_188' title='bbox 1462 1699 1577 1754; x_wconf 88' lang='lat' dir='ltr'>quasi</span> <span class='ocrx_word' id='word_1_189' title='bbox 1622 1701 1695 1739; x_wconf 87' lang='lat' dir='ltr'>sub</span> <span class='ocrx_word' id='word_1_190' title='bbox 1737 1703 1821 1750; x_wconf 86' lang='lat' dir='ltr'>ejus</span> <span class='ocrx_word' id='word_1_191' title='bbox 1851 1701 2003 1746; x_wconf 81' lang='lat' dir='ltr'>tutela3</span> <span class='ocrx_word' id='word_1_192' title='bbox 2046 1710 2106 1738; x_wconf 85' lang='lat' dir='ltr'>est</span> 
     </span>
     <span class='ocr_line' id='line_1_22' title="bbox 431 1774 2106 1829; baseline -0.002 -13"><span class='ocrx_word' id='word_1_193' title='bbox 431 1777 542 1816; x_wconf 77' lang='lat' dir='ltr'>enim</span> <span class='ocrx_word' id='word_1_194' title='bbox 572 1775 788 1829; x_wconf 80' lang='lat' dir='ltr'>rapacibus</span> <span class='ocrx_word' id='word_1_195' title='bbox 818 1775 1139 1829; x_wconf 81' lang='lat' dir='ltr'>ignobilioribus</span> <span class='ocrx_word' id='word_1_196' title='bbox 1169 1774 1436 1814; x_wconf 84' lang='lat' dir='ltr'>infestissima</span> <span class='ocrx_word' id='word_1_197' title='bbox 1467 1786 1508 1814; x_wconf 87' lang='lat' dir='ltr'>et</span> <span class='ocrx_word' id='word_1_198' title='bbox 1537 1774 1722 1814; x_wconf 82' lang='lat' dir='ltr'>timenda</span> <span class='ocrx_word' id='word_1_199' title='bbox 1760 1775 1867 1821; x_wconf 79' lang='lat' dir='ltr'>avis,</span> <span class='ocrx_word' id='word_1_200' title='bbox 1905 1774 1990 1813; x_wconf 88' lang='lat' dir='ltr'>imo</span> <span class='ocrx_word' id='word_1_201' title='bbox 2022 1789 2106 1812; x_wconf 84' lang='lat' dir='ltr'>mas</span> 
     </span>
     <span class='ocr_line' id='line_1_23' title="bbox 431 1848 2106 1904; baseline -0.001 -16"><span class='ocrx_word' id='word_1_202' title='bbox 431 1849 647 1889; x_wconf 86' lang='lat' dir='ltr'>hominem</span> <span class='ocrx_word' id='word_1_203' title='bbox 678 1849 777 1888; x_wconf 87' lang='lat' dir='ltr'>nido</span> <span class='ocrx_word' id='word_1_204' title='bbox 809 1849 1208 1904; x_wconf 82' lang='lat' dir='ltr'>appropinguantem</span> <span class='ocrx_word' id='word_1_205' title='bbox 1240 1864 1332 1889; x_wconf 86' lang='lat' dir='ltr'>cum</span> <span class='ocrx_word' id='word_1_206' title='bbox 1364 1849 1543 1888; x_wconf 79' lang='lat' dir='ltr'>clamore</span> <span class='ocrx_word' id='word_1_207' title='bbox 1586 1848 1629 1887; x_wconf 89' lang='lat' dir='ltr'>in</span> <span class='ocrx_word' id='word_1_208' title='bbox 1672 1856 1763 1888; x_wconf 79' lang='lat' dir='ltr'>a&#39;era</span> <span class='ocrx_word' id='word_1_209' title='bbox 1807 1850 2008 1895; x_wconf 78' lang='lat' dir='ltr'>sublatus,</span> <span class='ocrx_word' id='word_1_210' title='bbox 2054 1863 2106 1888; x_wconf 78' lang='lat' dir='ltr'>ex</span> 
     </span>
     <span class='ocr_line' id='line_1_24' title="bbox 434 1923 2105 1979; baseline -0.001 -16"><span class='ocrx_word' id='word_1_211' title='bbox 434 1925 517 1964; x_wconf 87' lang='lat' dir='ltr'>alto</span> <span class='ocrx_word' id='word_1_212' title='bbox 547 1923 688 1964; x_wconf 84' lang='lat' dir='ltr'>silenti</span> <span class='ocrx_word' id='word_1_213' title='bbox 717 1923 877 1978; x_wconf 73' lang='lat' dir='ltr'>impetu</span> <span class='ocrx_word' id='word_1_214' title='bbox 908 1923 1112 1970; x_wconf 85' lang='lat' dir='ltr'>adoritur,</span> <span class='ocrx_word' id='word_1_215' title='bbox 1148 1934 1190 1963; x_wconf 84' lang='lat' dir='ltr'>et</span> <span class='ocrx_word' id='word_1_216' title='bbox 1220 1924 1324 1963; x_wconf 80' lang='lat' dir='ltr'>adeo</span> <span class='ocrx_word' id='word_1_217' title='bbox 1354 1923 1581 1978; x_wconf 84' lang='lat' dir='ltr'>improviso</span> <span class='ocrx_word' id='word_1_218' title='bbox 1612 1938 1732 1979; x_wconf 81' lang='lat' dir='ltr'>saepe</span> <span class='ocrx_word' id='word_1_219' title='bbox 1763 1923 1807 1963; x_wconf 89' lang='lat' dir='ltr'>in</span> <span class='ocrx_word' id='word_1_220' title='bbox 1838 1935 1960 1978; x_wconf 80' lang='lat' dir='ltr'>caput</span> <span class='ocrx_word' id='word_1_221' title='bbox 1991 1923 2105 1963; x_wconf 80' lang='lat' dir='ltr'>invo-</span> 
     </span>
     <span class='ocr_line' id='line_1_25' title="bbox 433 1998 2105 2053; baseline -0.001 -14"><span class='ocrx_word' id='word_1_222' title='bbox 433 2000 513 2048; x_wconf 84' lang='lat' dir='ltr'>lat,</span> <span class='ocrx_word' id='word_1_223' title='bbox 558 2010 603 2038; x_wconf 88' lang='lat' dir='ltr'>ut</span> <span class='ocrx_word' id='word_1_224' title='bbox 630 1998 843 2039; x_wconf 81' lang='lat' dir='ltr'>incautum</span> <span class='ocrx_word' id='word_1_225' title='bbox 873 1998 944 2038; x_wconf 84' lang='lat' dir='ltr'>vix</span> <span class='ocrx_word' id='word_1_226' title='bbox 973 2014 1056 2038; x_wconf 91' lang='lat' dir='ltr'>non</span> <span class='ocrx_word' id='word_1_227' title='bbox 1085 2013 1107 2038; x_wconf 89' lang='lat' dir='ltr'>e</span> <span class='ocrx_word' id='word_1_228' title='bbox 1137 2013 1238 2053; x_wconf 86' lang='lat' dir='ltr'>rupe</span> <span class='ocrx_word' id='word_1_229' title='bbox 1267 1999 1473 2038; x_wconf 88' lang='lat' dir='ltr'>deturbet.</span> <span class='ocrx_word' id='word_1_230' title='bbox 1542 2001 1706 2039; x_wconf 69' lang='lat' dir='ltr'>Femina</span> <span class='ocrx_word' id='word_1_231' title='bbox 1735 2011 1877 2039; x_wconf 86' lang='lat' dir='ltr'>contra</span> <span class='ocrx_word' id='word_1_232' title='bbox 1907 1999 1965 2038; x_wconf 89' lang='lat' dir='ltr'>ita</span> <span class='ocrx_word' id='word_1_233' title='bbox 1994 2010 2105 2038; x_wconf 87' lang='lat' dir='ltr'>tena—</span> 
     </span>
     <span class='ocr_line' id='line_1_26' title="bbox 437 2072 2104 2129; baseline -0.002 -14"><span class='ocrx_word' id='word_1_234' title='bbox 437 2075 543 2115; x_wconf 74' lang='lat' dir='ltr'>citer</span> <span class='ocrx_word' id='word_1_235' title='bbox 573 2072 765 2114; x_wconf 81' lang='lat' dir='ltr'>inhaeret</span> <span class='ocrx_word' id='word_1_236' title='bbox 804 2074 924 2124; x_wconf 85' lang='lat' dir='ltr'>nido,</span> <span class='ocrx_word' id='word_1_237' title='bbox 969 2087 1013 2114; x_wconf 92' lang='lat' dir='ltr'>ut</span> <span class='ocrx_word' id='word_1_238' title='bbox 1054 2074 1244 2129; x_wconf 82' lang='lat' dir='ltr'>proxime</span> <span class='ocrx_word' id='word_1_239' title='bbox 1289 2072 1478 2112; x_wconf 82' lang='lat' dir='ltr'>admittat</span> <span class='ocrx_word' id='word_1_240' title='bbox 1522 2073 1758 2121; x_wconf 82' lang='lat' dir='ltr'>hominem,</span> <span class='ocrx_word' id='word_1_241' title='bbox 1799 2085 1840 2113; x_wconf 89' lang='lat' dir='ltr'>et</span> <span class='ocrx_word' id='word_1_242' title='bbox 1882 2073 2104 2113; x_wconf 85' lang='lat' dir='ltr'>incubante</span> 
     </span>
     <span class='ocr_line' id='line_1_27' title="bbox 410 2138 2101 2203; baseline -0.002 -13"><span class='ocrx_word' id='word_1_243' title='bbox 410 2138 568 2197; x_wconf 74' lang='lat' dir='ltr'>vmare,</span> <span class='ocrx_word' id='word_1_244' title='bbox 597 2149 671 2188; x_wconf 86' lang='lat' dir='ltr'>illa</span> <span class='ocrx_word' id='word_1_245' title='bbox 700 2150 897 2189; x_wconf 68' lang='lat' dir='ltr'>excubias</span> <span class='ocrx_word' id='word_1_246' title='bbox 928 2150 1025 2203; x_wconf 80' lang='lat' dir='ltr'>agit.</span> <span class='ocrx_word' id='word_1_247' title='bbox 1052 2175 1099 2180; x_wconf 69' lang='lat'>-</span> <span class='ocrx_word' id='word_1_248' title='bbox 1130 2153 1317 2189; x_wconf 84' lang='lat' dir='ltr'>Venatur</span> <span class='ocrx_word' id='word_1_249' title='bbox 1345 2148 1492 2188; x_wconf 81' lang='lat' dir='ltr'>itidem</span> <span class='ocrx_word' id='word_1_250' title='bbox 1525 2164 1576 2188; x_wconf 83' lang='lat' dir='ltr'>ex</span> <span class='ocrx_word' id='word_1_251' title='bbox 1606 2151 1710 2196; x_wconf 86' lang='lat' dir='ltr'>alto,</span> <span class='ocrx_word' id='word_1_252' title='bbox 1748 2151 1851 2189; x_wconf 83' lang='lat' dir='ltr'>adeo</span> <span class='ocrx_word' id='word_1_253' title='bbox 1882 2151 2007 2188; x_wconf 86' lang='lat' dir='ltr'>arduo</span> <span class='ocrx_word' id='word_1_254' title='bbox 2037 2161 2101 2186; x_wconf 85' lang='lat' dir='ltr'>vo—</span> 
     </span>
     <span class='ocr_line' id='line_1_28' title="bbox 435 2223 2101 2279; baseline -0.004 -14"><span class='ocrx_word' id='word_1_255' title='bbox 435 2226 542 2272; x_wconf 82' lang='lat' dir='ltr'>latu,</span> <span class='ocrx_word' id='word_1_256' title='bbox 569 2236 613 2264; x_wconf 87' lang='lat' dir='ltr'>ut</span> <span class='ocrx_word' id='word_1_257' title='bbox 646 2239 766 2279; x_wconf 81' lang='lat' dir='ltr'>saepe</span> <span class='ocrx_word' id='word_1_258' title='bbox 796 2224 868 2264; x_wconf 83' lang='lat' dir='ltr'>vix</span> <span class='ocrx_word' id='word_1_259' title='bbox 898 2224 1007 2264; x_wconf 86' lang='lat' dir='ltr'>inter</span> <span class='ocrx_word' id='word_1_260' title='bbox 1037 2226 1166 2264; x_wconf 87' lang='lat' dir='ltr'>nubes</span> <span class='ocrx_word' id='word_1_261' title='bbox 1196 2235 1403 2279; x_wconf 80' lang='lat' dir='ltr'>appareat.</span> <span class='ocrx_word' id='word_1_262' title='bbox 1460 2228 1505 2263; x_wconf 90' lang='lat' dir='ltr'>In</span> <span class='ocrx_word' id='word_1_263' title='bbox 1531 2237 1668 2264; x_wconf 83' lang='lat' dir='ltr'>anates</span> <span class='ocrx_word' id='word_1_264' title='bbox 1693 2236 1879 2264; x_wconf 83' lang='lat' dir='ltr'>natantes</span> <span class='ocrx_word' id='word_1_265' title='bbox 1902 2223 2101 2277; x_wconf 84' lang='lat' dir='ltr'>impetum</span> 
     </span>
     <span class='ocr_line' id='line_1_29' title="bbox 439 2296 2099 2355; baseline -0.004 -15"><span class='ocrx_word' id='word_1_266' title='bbox 439 2301 622 2348; x_wconf 83' lang='lat' dir='ltr'>faciens,</span> <span class='ocrx_word' id='word_1_267' title='bbox 673 2301 921 2354; x_wconf 84' lang='lat' dir='ltr'>quandoque</span> <span class='ocrx_word' id='word_1_268' title='bbox 962 2299 1161 2355; x_wconf 65' lang='lat' dir='ltr'>mergitur</span> <span class='ocrx_word' id='word_1_269' title='bbox 1201 2299 1525 2354; x_wconf 76' lang='lat' dir='ltr'>madefactisque</span> <span class='ocrx_word' id='word_1_270' title='bbox 1573 2299 1726 2355; x_wconf 81' lang='lat' dir='ltr'>plumis</span> <span class='ocrx_word' id='word_1_271' title='bbox 1770 2315 1889 2339; x_wconf 85' lang='lat' dir='ltr'>manu</span> <span class='ocrx_word' id='word_1_272' title='bbox 1930 2296 2099 2350; x_wconf 78' lang='lat' dir='ltr'>capitur.</span> 
     </span>
    </p>
   </div>
   <div class='ocr_carea' id='block_1_3' title="bbox 440 2369 2099 2427">
    <p class='ocr_par' dir='ltr' id='par_1_3' title="bbox 440 2369 2099 2427">
     <span class='ocr_line' id='line_1_30' title="bbox 440 2369 2099 2427; baseline -0.004 -13"><span class='ocrx_word' id='word_1_273' title='bbox 440 2379 535 2414; x_wconf 83' lang='lat' dir='ltr'>Vox</span> <span class='ocrx_word' id='word_1_274' title='bbox 564 2391 672 2422; x_wconf 87' lang='lat' dir='ltr'>rara,</span> <span class='ocrx_word' id='word_1_275' title='bbox 701 2374 900 2415; x_wconf 88' lang='lat' dir='ltr'>iracundo</span> <span class='ocrx_word' id='word_1_276' title='bbox 926 2375 1013 2415; x_wconf 86' lang='lat' dir='ltr'>fere</span> <span class='ocrx_word' id='word_1_277' title='bbox 1044 2375 1234 2417; x_wconf 84' lang='lat' dir='ltr'>Cornicis</span> <span class='ocrx_word' id='word_1_278' title='bbox 1263 2374 1330 2414; x_wconf 76' lang='lat' dir='ltr'>vel</span> <span class='ocrx_word' id='word_1_279' title='bbox 1360 2374 1480 2415; x_wconf 86' lang='lat' dir='ltr'>Picae</span> <span class='ocrx_word' id='word_1_280' title='bbox 1513 2375 1685 2415; x_wconf 82' lang='lat' dir='ltr'>aemula.</span> <span class='ocrx_word' id='word_1_281' title='bbox 1757 2371 1933 2427; x_wconf 76' lang='lat' dir='ltr'>Frigoris</span> <span class='ocrx_word' id='word_1_282' title='bbox 1973 2369 2099 2425; x_wconf 54' lang='lat' dir='ltr'>inipa—</span> 
     </span>
    </p>
   </div>
  </div>
 </body>
</html>
