2196 2927
890 185 1033 208 Ξ
1699 184 1782 223 337-

334 285 613 329 L'Emerillon
642 287 804 340 Buffon.
836 287 978 326 ornitlz.
1008 286 1040 324 I.
1073 301 1111 338 p.
1144 290 1233 326 288.
1266 286 1348 326 tal).
1374 301 1396 337 9
1442 286 1632 341 pulchra3
1660 286 1783 327 D’au-

384 365 489 404 berit.
523 368 623 404 icon.
655 366 731 402 col.
763 377 800 400 n.
833 368 925 409 468.
963 361 1150 398 Lathczm.
1181 375 1272 413 syn.
1308 363 1340 399 I.
1371 378 1409 415 p.
1450 378 1534 412 109.
1566 378 1603 402 n.
1636 369 1700 413 93.

329 439 455 478 Falco
486 439 646 492 regulus
674 438 778 476 Pau.
808 441 893 476 itin.
923 437 976 474 ΙΙ.
1008 434 1178 489 append.
1217 452 1256 490 p.
1287 452 1377 488 707.
1416 452 1453 476 n.
1490 444 1547 477 13.
1595 440 1782 479 Laeliam-

384 529 474 566 Syn.
504 514 536 552 I.
565 529 606 568 p.
644 519 728 552 113.
759 527 796 551 η.
828 517 893 562 93.

221 588 392 629 Rossice
420 589 598 628 Derbm'k
629 588 695 627 vel
725 587 1017 627 Derbnitschok
1059 583 1378 639 (diminutive).
1443 586 1783 630 Astrachanensi-

276 665 350 703 bus
383 664 552 703 Tamilz?
582 662 816 704 Calmuccis
846 663 987 716 Kirgit.

246 740 294 776 In
323 737 686 794 temperatioribus
718 737 887 777 Rossiae
919 749 1040 792 atque
1071 736 1276 777 citerioris
1306 735 1504 783 Sibiiiae,
1543 735 1614 777 hic
1644 749 1781 778 tamen

111 812 259 861 rarius,
304 813 554 852 observatur.
625 816 810 852 Venatur
845 813 1047 862 Alaudas,
1093 812 1275 867 aliasque
1307 823 1557 867 campestres
1589 812 1784 863 aviculas,

111 887 295 927 animosa
325 902 399 942 pro
430 903 499 927 sua
533 887 644 928 mole
676 887 778 928 avis.
837 887 943 927 Huic
974 887 1282 937 celebritatem,
1313 887 1347 926 si
1376 887 1475 934 ulli,
1506 888 1642 938 dabit,
1672 890 1787 943 quod

109 967 416 1004 immortalis
447 964 750 1003 catherinae
780 965 864 1003 Ilff.
896 965 947 1002 ad
976 962 1240 1003 venationem
1266 962 1310 1002 in
1344 962 1510 1003 deliciis
1533 964 1625 1003 fuit.
1675 967 1784 1018 Quo-

110 1037 245 1077 tannis
275 1049 417 1092 captos
447 1049 487 1077 et
517 1040 567 1078 ad
599 1053 818 1093 aucupmm
849 1038 1086 1087 instructas,
1133 1049 1224 1093 post
1254 1037 1412 1077 finitam
1444 1049 1640 1079 autumno
1671 1038 1783 1079 amni

110 1112 394 1161 venationem,
428 1113 622 1153 libertate
654 1114 826 1162 donare,
860 1129 946 1153 mos
977 1125 1062 1152 erat
1105 1117 1434 1153 clementissimae
1463 1115 1742 1168 Augustae.

253 1188 422 1227 Descr.
495 1187 662 1242 Species
705 1205 726 1227 a
766 1188 1112 1243 praecedentibus
1152 1187 1345 1228 omnibus
1384 1188 1702 1229 distinctissima
1743 1200 1785 1230 et

109 1276 205 1303 cum
235 1263 440 1317 Accipitre
471 1262 571 1302 Niso
604 1277 726 1317 saepe
757 1264 944 1311 confusa,
989 1262 1145 1317 quippe
1190 1277 1294 1316 quae
1337 1277 1433 1302 vere
1477 1264 1617 1304 colore
1660 1265 1785 1304 refert

107 1339 251 1378 Nisum
291 1337 517 1377 masculum
557 1338 782 1387 minorem,
827 1339 898 1377 sed
942 1338 1072 1377 forma
1114 1336 1236 1378 rostri
1278 1335 1485 1378 bidentali
1527 1349 1569 1378 et
1610 1337 1783 1393 reliquis

108 1414 336 1454 Falconum
366 1412 673 1453 characteribus
703 1428 790 1453 sese
821 1412 1122 1467 distinguit.—
1151 1414 1254 1452 Cera
1283 1412 1513 1453 vlrescente
1544 1415 1666 1461 flavam
1697 1418 1783 1469 pal-

109 1490 272 1544 pebrae,
302 1488 365 1527 uti
395 1499 436 1527 et
466 1489 585 1542 pedes
615 1488 850 1528 flavissima.
909 1488 1035 1527 Irz’des
1064 1488 1474 1527 fusco-lutescentes.
1533 1489 1691 1544 Corpus
1720 1504 1782 1530 su-

110 1579 182 1618 pra
213 1564 393 1611 fuscum,
425 1563 562 1617 capite
593 1563 878 1618 uropygioque
909 1561 1038 1615 magis
1068 1577 1192 1608 cano,
1236 1561 1462 1601 rhachibus
1490 1563 1627 1602 fuscis.
1684 1564 1781 1604 Sub-

108 1650 172 1678 tus
206 1637 407 1693 pallidus,
449 1637 813 1692 longitudinaliter
855 1637 1086 1692 variegatus
1127 1637 1262 1677 lituris
1304 1637 1780 1679 fusco-rufescenribus.

110 1714 253 1754 Cauda
282 1711 546 1751 transversim
577 1712 758 1753 fasciata.
816 1714 977 1753 Pondus
1006 1712 1196 1753 masculis
1226 1711 1442 1751 unciarum
1470 1712 1637 1752 circiter
1666 1728 1752 1753 sex.

131 1840 133 1842 q
242 1788 390 1827 Nota.
447 1789 693 1828 Stellerus
723 1788 767 1827 in
797 1792 1000 1828 itinerario
1029 1802 1166 1827 versus
1197 1786 1435 1826 American]
1458 1787 1647 1843 prodidit
1674 1789 1781 1829 insu-

108 1862 222 1902 lanos
252 1863 302 1902 ad
331 1877 480 1902 navem
510 1863 812 1918 adremigantes
843 1862 887 1902 in
928 1862 1090 1917 signum
1125 1862 1259 1917 pacis,
1303 1862 1410 1901 alam
1447 1863 1620 1903 falconis
1658 1865 1779 1904 cadu-

110 1951 184 1977 ceo
216 1936 427 1990 alligatam
455 1938 719 1993 praetulisse,
764 1952 913 1992 easque
954 1938 1036 1977 alas
1065 1937 1264 1977 describit
1295 1937 1583 1991 magnitudine
1626 1939 1779 1978 colum-

108 2012 254 2060 binae,
285 2011 439 2065 nigras,
469 2013 640 2052 maculis
671 2012 932 2053 subi-otundis
964 2013 1067 2051 albis
1098 2023 1139 2051 et
1168 2012 1481 2052 rufescentibus.
1538 2012 1778 2067 Specimina

110 2086 331 2127 serioribus
361 2103 381 2126 a
411 2087 718 2142 navigatoribus
748 2103 830 2127 non
862 2088 997 2127 adlata
1035 2098 1140 2126 sunt.

558 2207 645 2255 ui.
732 2206 1326 2275 AQUILAE.

246 2300 442 2342 Volatilis
472 2301 636 2349 turbae,
668 2301 753 2341 imo
784 2313 825 2341 et
856 2302 1168 2357 quadrupedum
1197 2301 1384 2356 tyranni,
1417 2316 1438 2342 a
1466 2302 1714 2344 Falconibus
1737 2316 1779 2346 et

113 2377 284 2434 reliquis
315 2376 529 2432 rapacibus
559 2388 644 2416 tam
676 2377 972 2432 magnitudine,
1015 2392 1138 2433 quam
1169 2378 1298 2419 forma
1337 2378 1540 2434 peculiari
1581 2387 1698 2421 rostri
1741 2391 1781 2421 et

1314 2462 1364 2505 43
