2196 2927
366 204 455 246 442
1129 208 1272 231 ===

361 304 488 361 sylvis
518 305 648 345 larvas
678 307 906 346 Plzczlaenae
937 309 1155 348 monachae
1198 318 1239 347 et
1283 308 1483 363 quadrae}
1531 306 1624 347 aliis
1669 306 1811 346 avibus
1852 308 2040 356 intactas,

363 381 483 422 avide
515 392 644 422 vorat.
703 383 827 438 Apud
856 398 928 422 nos
956 382 1000 423 in
1031 383 1342 438 Campestribus
1372 384 1618 423 Scarabaeos
1649 392 1691 421 ct
1715 382 1894 422 Carabos
1924 382 2041 437 legit.

363 457 494 497 Nidus
522 456 566 496 in
596 456 809 497 arboribus
838 457 950 498 cavis
981 470 1022 498 et
1053 460 1106 498 ad
1136 459 1381 514 campestria
1424 457 1593 498 flumina
1640 457 1683 496 in
1730 467 2044 512 praeruptorum

365 531 480 587 ripae
512 531 718 579 cavernis,
748 533 809 572 uti
840 533 1037 589 Meropis,
1108 535 1529 590 Adpropinquantcm
1574 533 1674 573 nido
1717 532 1933 572 hominem
1976 532 2042 571 vel

362 608 492 647 feram
535 608 715 648 clamore
761 608 874 663 gravi
918 609 1257 649 circumvolitant
1298 621 1338 649 et
1382 625 1476 650 cum
1519 609 1617 649 Pica
1659 609 1832 648 caudata
1879 609 1921 648 111
1954 615 2045 647 a'ere

366 682 515 723 acriter
543 683 785 738 confligunt.
844 684 935 724 Ουα
965 685 1046 724 duo
1076 684 1305 733 albissima,
1350 684 1601 726 columbinis
1630 684 1765 739 paria,
1813 685 1885 726 sed
1917 683 2044 738 magis

365 758 561 813 globosa,
616 759 857 814 praesertim
900 775 922 799 e
966 761 1125 799 duobus
1174 760 1416 815 plerumque
1462 761 1704 800 alterutrum
1748 759 1845 811 (axi
1892 760 1943 802 1⁰.
1975 760 2043 799 δ”.

366 833 571 874 diametro
608 835 660 874 1‘'.
692 837 770 889 ¹‚'''.)
828 836 933 875 Pulli
964 836 1037 875 sub
1069 836 1192 874 finem
1221 834 1323 874 Julii
1351 835 1481 875 adulti
1512 836 1680 875 evolant
1721 846 1763 875 et
1804 836 1878 875 sub
1922 836 2046 875 finem

365 908 545 964 Augusti
574 925 668 950 cum
697 910 936 965 parentibus
968 910 1160 964 migrant.

505 985 707 1025 Observ.
767 987 895 1026 Pullis
932 986 1047 1025 color
1088 985 1316 1034 exoletior,
1358 985 1896 1042 aerugineo-cinerascens.
1966 989 2045 1026 Tu-

365 1060 580 1100 berculum
612 1061 750 1101 album
781 1077 900 1116 supra
930 1061 1147 1101 incurvum
1178 1062 1299 1102 rostri
1329 1062 1514 1118 apicem,
1558 1062 1678 1117 quale
1708 1061 1752 1102 in
1794 1062 1918 1117 pullis
1947 1063 2047 1102 Vul-

367 1146 525 1184 turum,
570 1137 796 1177 Falconum
834 1149 875 1177 et
905 1136 1077 1176 aliarum
1109 1152 1273 1193 quoque
1304 1137 1442 1178 avium
1473 1137 1711 1185 observavi3
1751 1138 1823 1177 sed
1849 1137 1893 1177 in
1924 1138 2046 1179 Cora-

369 1210 433 1250 613
463 1211 589 1251 etiam
620 1223 838 1267 postquam
866 1212 972 1268 pulli
1003 1213 1221 1253 evolarunt
1246 1225 1401 1269 perstat
1429 1225 1601 1267 tumque
1639 1212 1791 1252 sensim
1822 1212 2047 1255 evanescit.

369 1285 584 1326 Juniorum
613 1289 773 1342 pondus
803 1288 958 1329 unciar.
990 1295 1033 1336 5,
1077 1303 1170 1327 cum
1200 1288 1382 1328 semisse.
1452 1282 1735 1343 Deplumatae
1760 1288 1870 1327 mole
1901 1290 2049 1327 Turtu-

372 1359 438 1400 ris.
498 1361 605 1402 Cum
635 1365 829 1419 Merope,
862 1362 968 1404 haec
996 1361 1310 1418 pulcherrimis,
1354 1363 1464 1403 inter
1493 1373 1714 1411 nostrateS,
1759 1363 1952 1417 splendet
1981 1377 2047 1403 co-

372 1435 542 1476 loribus.
564 1463 619 1470 --
653 1439 906 1479 Ventriculus
932 1437 1180 1478 carnositate
1209 1438 1345 1488 tenui,
1390 1438 1463 1478 vix
1501 1442 1562 1477 im.
1594 1452 1742 1485 crassa;
1785 1437 1908 1492 plicis
1937 1437 2048 1478 intus

374 1511 548 1565 magnis.
606 1514 745 1568 Hepar
771 1515 856 1553 fere
886 1513 930 1553 in
961 1515 1043 1554 duo
1073 1525 1251 1563 sectum,
1284 1513 1391 1554 lobis
1412 1513 1484 1553 vix
1511 1511 1850 1562 cohaerentibus,
1882 1513 2046 1554 sinistro

373 1587 618 1642 submajore.
676 1590 871 1631 Intestina
901 1589 1028 1645 dupla
1056 1589 1320 1644 longitudine
1351 1589 1500 1630 trunci.

1351 1707 1393 1714 ——-

792 1779 935 1830 XVI.
1020 1778 1628 1830 CUCULUS.

509 1874 645 1916 Unica
676 1876 803 1916 etiam
832 1876 952 1931 hujus
983 1877 1144 1932 generis
1174 1877 1333 1933 species
1360 1878 1529 1918 boreale
1559 1876 1940 1934 haemisphaerium
1970 1880 2046 1919 fre-

376 1962 545 2006 queritat
555 1982 567 1999 ‚
608 1962 650 1991 et
678 1951 833 2006 ubique
861 1964 959 1993 nota
990 1964 1071 2000 est,
1114 1953 1269 2008 ubique
1300 1954 1466 2000 eadem,
1509 1953 1553 1993 in
1583 1953 1780 1995 Sibiriam
1809 1970 1936 2010 usque
1967 1971 2048 1994 ma-

377 2026 488 2066 xime
517 2026 766 2068 orientalem
795 2028 1008 2082 frequens,
1051 2039 1094 2068 et
1123 2043 1216 2069 cum
1245 2028 1591 2083 praecedentibus
1626 2031 1678 2070 ad
1708 2042 1889 2072 austrum
1918 2030 2048 2071 demi-

375 2116 513 2157 grans,
544 2103 776 2144 confirmati
805 2102 912 2144 veris
949 2103 1178 2144 certissima
1207 2104 1363 2145 nuntia.

744 2197 827 2251 84.
885 2210 895 2228 τ
920 2192 958 2237 C
988 2195 1028 2237 U
1057 2193 1096 2238 C
1127 2196 1165 2237 U
1196 2197 1228 2238 L
1258 2197 1299 2238 U
1327 2197 1354 2237 S
1428 2196 1679 2241 borealis.

511 2265 556 2308 C.
586 2267 715 2306 cauda
744 2267 986 2312 rotundam,
1016 2282 1188 2321 corpore
1219 2269 1360 2308 subtus
1390 2268 1505 2318 albo,
1543 2270 1656 2310 fusco
1686 2268 1858 2324 virgato.

592 2342 771 2384 Cuculus
801 2353 1032 2393 auctorum,
1071 2343 1288 2398 Willughb.
1321 2360 1403 2384 orn.
1434 2360 1472 2399 p.
1505 2351 1568 2385 62.
1613 2346 1695 2386 tab.
1728 2364 1790 2398 77.
1835 2347 1924 2401 Raj.
1952 2359 2043 2396 syn.

649 2433 746 2472 pag·
780 2425 842 2461 23.
872 2419 1011 2461 Albm.
1042 2435 1106 2461 av.
1136 2421 1169 2460 Ι.
1200 2420 1283 2462 tab.
1316 2426 1353 2462 8.
1390 2421 1541 2462 Frisch.
1572 2436 1637 2462 av.
1666 2421 1738 2462 IV.
1769 2421 1851 2462 tab.
1882 2428 1930 2469 40
1952 2427 2044 2468 -42,
