2196 2927
397 197 490 237 234
1152 187 1295 217 'gf-„2⁶

397 295 510 336 varie
547 292 835 353 degeneravit,
882 300 1025 333 natura
1060 307 1324 348 pascuorum,
1361 290 1549 340 climate,
1596 288 1893 344 stabulatione,
1941 296 2060 337 lectis

398 370 578 424 denique
608 367 768 423 copulis
797 368 973 417 variata,
1004 368 1140 423 quoad
1169 378 1361 407 staturam
1392 367 1483 422 plus
1514 366 1648 407 minus
1677 363 1915 419 imminuta,
1946 373 2060 412 varie

395 443 564 484 mutatis
604 443 745 484 formis
783 454 825 483 et
866 443 1223 499 proportionibus,
1269 441 1476 482 coloribus
1525 446 1593 495 (ut
1632 443 1772 483 omnia
1807 446 2059 499 domestica)

395 519 644 560 multimode
685 520 882 573 degener,
923 518 1059 572 nigra,
1098 519 1208 566 rufa,
1247 518 1362 566 alba,
1401 532 1522 565 cana,
1560 519 1728 567 naevia3
1770 519 1814 559 in
1852 532 2061 561 mansueta

389 594 595 635 servitute
624 594 738 633 omni
766 594 855 649 pilo
885 605 1029 642 exuta,
1074 592 1309 633 luxuriante
1353 591 1398 631 in
1436 593 1572 633 locum
1613 597 1697 647 ejus
1727 594 1922 649 lanugine
1953 596 2061 635 deal·

385 670 502 709 ·bata.
561 668 729 708 Etenim
759 668 896 708 lanam
926 669 1052 708 etiam
1082 669 1292 709 Musimon
1323 679 1363 708 et
1401 667 1547 722 Argali
1586 667 1743 708 habent
1780 655 2062 724 subhyemalis

392 744 559 783 velleris
602 743 690 798 pilo
718 744 934 792 densam,
986 743 1281 792 tenerrimam,
1326 744 1474 783 albam.
1544 743 1794 799 Praecipuae
1839 746 1947 800 apud
1988 760 2064 786 nos

392 819 434 857 V
436 823 704 859 arietates:

534 910 565 933 1.
596 894 862 941 Dolichurae,
893 893 1199 932 tscherkessicae
1229 893 1377 932 nostris
1408 893 1565 941 dictae,
1598 894 1650 933 ad
1679 892 1903 948 Hispanas,
1934 893 2062 948 angli-

392 981 460 1009 cas
489 978 532 1007 et
561 966 815 1021 germanicas
845 968 1108 1015 accedentes,
1139 967 1339 1021 genuina,
1368 979 1413 1006 ut
1441 967 1629 1014 videtur,
1660 966 1892 1007 Musmonis
1920 982 2062 1022 proge-

389 1041 498 1091 nies,
544 1041 588 1082 in
625 1042 814 1097 sequiore
855 1056 954 1081 sexu
996 1042 1240 1096 plerumque
1282 1046 1487 1088 excornis3
1530 1041 1663 1081 cauda
1701 1055 1829 1096 usque
1869 1041 1920 1080 ad
1956 1041 2063 1080 talos

390 1117 600 1172 elongata,
632 1116 775 1165 tereti,
807 1132 963 1163 macra3
985 1119 1125 1169 forma
1152 1115 1374 1171 pulchrae,
1404 1117 1681 1171 magnitudine
1710 1115 1934 1165 mediocri,
1965 1119 2061 1157 lana

389 1190 620 1246 aequabili,
659 1192 904 1246 plerumque
934 1191 1026 1230 alba
1053 1192 1241 1231 vestitae.
1311 1195 1399 1231 Hae
1428 1191 1472 1231 in
1503 1189 1854 1240 occidentalibus,
1884 1205 2063 1246 praeser—

391 1264 471 1305 tim
497 1281 623 1320 parva
653 1267 798 1306 Rossia
829 1277 870 1305 et
899 1266 1140 1306 Caucasicas
1171 1267 1279 1320 apud
1309 1277 1451 1319 gentes
1481 1266 1684 1305 coluntur.

400 1334 402 1337 ’
529 1356 566 1380 2.
596 1341 841 1394 Platyurae,
872 1356 895 1380 e
923 1340 1190 1396 praecedenti
1220 1351 1261 1379 et
1291 1339 1481 1394 sequenti
1506 1339 1594 1380 sine
1620 1339 1749 1380 dubio
1773 1339 1949 1390 mixtae,
1981 1350 2061 1381 sta-

386 1427 483 1470 tura
519 1415 771 1465 mediocres,
812 1417 944 1456 cauda
981 1417 1196 1468 elongata,
1243 1415 1315 1454 sed
1364 1414 1453 1454 basi
1490 1406 1746 1470 pinguedine
1790 1415 2064 1471 aliquousque

385 1491 629 1537 culcitram,
666 1492 878 1546 depressa,
917 1492 1056 1530 subtus
1085 1491 1213 1538 nuda,
1257 1489 1523 1529 extremitate
1552 1488 1696 1536 tereti,
1735 1490 1971 1538 articulata,
2008 1490 2063 1530 la*

386 1576 505 1612 ·nata;
537 1570 668 1621 capite
697 1566 911 1620 paululum
941 1565 1067 1614 simo,
1108 1567 1298 1606 auriculis
1328 1563 1522 1612 deflexis,
1560 1567 1656 1604 lana
1684 1563 1776 1618 plus
1805 1563 1940 1604 minus
1979 1565 2063 1604 lau-

392 1639 546 1687 dabili,
575 1641 642 1680 vel
672 1639 861 1695 crispata.
894 1643 950 1693 (³⁵)
1000 1643 1112 1679 Haec
1141 1638 1317 1679 varietas
1345 1638 1513 1692 vulgare
1542 1653 1667 1693 pecus
1698 1637 1947 1680 Chersonesi
1976 1651 2063 1679 tau-

391 1714 524 1763 ricae,
566 1726 608 1754 et
637 1714 796 1768 agninis
825 1715 1006 1770 pellibus
1036 1729 1139 1754 cano
1175 1712 1572 1760 coerulescentibus‚
1617 1712 1795 1767 crispata
1824 1714 1917 1753 lana
1947 1729 2061 1768 oper-

391 1788 466 1836 tis,
505 1804 603 1843 quas
642 1800 802 1827 tanturn
840 1790 1010 1842 angulus
1045 1787 1346 1828 Tarchanensis
1387 1797 1429 1825 et
1457 1786 1674 1840 peninsula
1703 1790 1938 1842 Bosporana
1968 1787 2060 1827 mit-

392 1863 466 1912 tit,
504 1877 599 1903 caro
634 1862 889 1911 vendibiles,
930 1873 971 1902 et
1007 1862 1354 1916 elegantissimas,
1392 1861 1635 1915 praesertim
1671 1863 1861 1902 celebris.
1929 1865 2061 1902 Datur

392 1937 521 1977 etiam
548 1937 592 1977 in
624 1937 824 1986 Caucaso,
864 1937 1022 1984 Persia,
1059 1948 1101 1977 et
1136 1940 1421 1984 Transoxana,
1465 1937 1574 1976 unde
1611 1937 1745 1991 pelles
1782 1936 1955 1991 agninae
1993 1937 2059 1976 ad-

391 2011 475 2052 hue
505 2011 681 2052 cariores
711 2014 819 2067 apud
849 2014 1005 2053 Arabas
1034 2012 1232 2052 nomades
1267 2009 1439 2050 ultimae
1469 2010 1666 2066 regionis.

530 2095 566 2128 3.
598 2089 898 2142 Steatopygae5
941 2086 1318 2142 frequentissimum
1360 2096 1401 2125 et
1442 2085 1488 2125 in
1523 2085 1772 2127 immensum
1809 2086 2058 2141 multiplica-

390 2175 480 2204 tum
509 2177 634 2219 pecus
663 2165 903 2204 Nomadum
932 2162 1119 2205 omnium
1147 2162 1273 2202 Asiae
1303 2161 1470 2204 mediae
1500 2162 1705 2211 desertae,
1744 2176 1918 2216 quorum
1954 2161 2058 2201 divi-

445 2332 496 2376 (⁸)
524 2333 653 2366 Colore
681 2332 771 2364 haec
797 2342 903 2377 saepe
930 2334 1047 2367 variat
1071 2332 1253 2376 brunneo‚
1282 2333 1383 2376 rufo,
1410 2330 1540 2375 rutilo,
1575 2332 1646 2364 imo
1672 2341 1785 2375 paene
1812 2330 1930 2370 fulvo,
1960 2328 2055 2370 quod

527 2391 613 2423 alibi
639 2402 769 2427 rarum.
