2196 2927
896 184 1042 208 ····-·———-
1724 185 1803 222 195

134 286 282 343 gibbos
312 298 353 326 61
383 297 561 333 erectos:
602 286 646 325 in
689 281 923 323 macilentis
960 281 1112 337 hyeme
1144 280 1264 338 tophi
1305 282 1349 322 111
1392 281 1635 323 alterutrum
1675 281 1801 331 latus,

132 364 377 418 plerumque
407 362 450 402 in
480 363 693 408 dextrum,
723 357 888 398 flaccidi
917 357 1170 411 dependent.
1228 361 1261 396 E
1287 358 1475 397 dulcibus
1498 357 1679 413 pascuis,
1708 368 1803 413 post

132 439 299 492 longam
328 452 484 478 moram
512 436 555 475 in
586 436 688 474 salsa
718 434 810 472 loca
839 431 1031 480 deducti,
1075 431 1256 486 primum
1286 444 1510 486 purgantur
1553 449 1576 472 a
1618 432 1799 483 Salsolis‚

127 514 229 553 dein
258 513 558 568 pinguescunt,
591 509 779 564 viresque
807 507 906 548 inde
935 505 1157 561 praecipue
1188 505 1405 561 colligunt.
1473 509 1644 548 Nudum
1673 509 1802 549 etiam

131 589 258 628 salem
289 588 409 627 avide
440 595 605 632 vorant,
635 595 676 624 et
704 584 748 623 in
778 583 948 628 itinere,
979 583 1205 621 dummodo
1234 592 1354 636 potus
1384 580 1457 629 sit,
1495 596 1544 622 eo
1574 593 1800 623 sustentan-

129 666 195 703 tur
223 662 317 712 diu,
357 660 464 708 imo,
507 671 551 699 ut
579 660 796 699 Nomadae
824 657 1049 713 perhibent
1096 657 1147 697 ad
1190 657 1362 711 triginta
1404 656 1506 697 dies.
1592 658 1800 698 Continuo

127 737 172 777 in
201 736 315 777 salsis
345 735 472 791 pastis
499 736 625 775 sudor
653 735 697 775 in
727 734 830 774 villo
859 732 1002 772 salinis
1031 731 1178 772 atomis
1202 732 1444 780 efflorescit,
1483 743 1527 771 ut
1553 731 1680 772 etiam
1703 747 1799 772 oves

133 822 177 851 et
217 812 403 866 capellae
432 810 674 851 cubantium
701 810 832 850 vellus
861 809 1068 854 lambant,
1107 818 1150 847 et
1177 806 1275 847 inde
1305 809 1466 848 crebras
1501 806 1801 863 Aegagropilas

128 885 174 926 in
210 885 465 936 ventriculo,
511 900 564 924 ex
607 885 812 939 deglutito
855 884 958 924 villo
1000 894 1213 938 generent.
1284 884 1659 939 Adpropinquante
1704 897 1799 922 vere

127 960 393 1015 (Februario,
426 960 599 1010 Martio,
631 961 790 1016 Aprili)
821 959 1023 1016 pruriunt.
1080 963 1198 998 Tunc
1228 973 1360 998 mares
1390 959 1610 1008 acerrima,
1648 959 1720 998 sed
1750 956 1800 997 11-

125 1035 266 1076 dicula
295 1050 431 1090 pugna
460 1035 570 1075 inter
599 1051 640 1075 se
672 1037 722 1076 de
759 1035 939 1091 primatu
975 1045 1153 1083 certant,
1198 1049 1321 1088 quam
1350 1048 1530 1089 pugnam
1560 1034 1801 1075 Calmucco-

125 1126 216 1150 rum
244 1124 437 1165 proceres
466 1111 676 1151 interdurn
707 1110 836 1150 animi
866 1125 984 1149 causa
1013 1109 1276 1150 committere
1306 1110 1454 1149 solent.
1528 1113 1726 1149 Furentes
1756 1119 1799 1148 et

123 1200 195 1225 ore
227 1196 461 1239 spumantes
490 1184 601 1224 inter
631 1200 672 1224 se
703 1197 952 1225 concurrunt
980 1185 1224 1231 adversarii,
1256 1185 1440 1238 alterque
1468 1185 1635 1224 alterius
1658 1184 1798 1237 gibbe-

123 1274 167 1300 re
197 1259 403 1299 anteriore
434 1259 644 1299 mordicus
671 1259 956 1314 apprehenso,
994 1259 1144 1299 anticis
1184 1258 1361 1313 pedibus
1402 1258 1628 1298 colluctare
1669 1268 1711 1297 et
1740 1272 1797 1297 se-

122 1334 307 1375 invicem
334 1333 380 1373 in
410 1345 561 1374 terram
590 1346 849 1390 prosternere
880 1334 1090 1384 nituntur,
1134 1348 1216 1388 quo
1253 1332 1449 1372 conflictu
1488 1348 1608 1388 saepe
1644 1334 1709 1381 fit,
1753 1343 1799 1372 ut.

124 1411 195 1449 vel
224 1411 377 1464 pedem
407 1411 615 1464 frangant,
658 1410 724 1450 vel
753 1421 976 1465 prostratus
1008 1411 1112 1449 alter
1142 1426 1163 1448 a
1192 1408 1350 1448 victore
1381 1408 1557 1463 pedibus
1586 1407 1798 1463 proculce-

122 1495 208 1533 tur‚
254 1500 336 1524 non
367 1483 455 1524 51116
486 1487 676 1533 vulnere,
720 1484 801 1524 nisi
841 1496 997 1524 mature
1029 1483 1322 1524 distrahantur.
1394 1486 1565 1538 Propter
1594 1482 1670 1522 hos
1702 1497 1796 1523 con-

125 1559 259 1599 flictus
289 1561 500 1599 Nomades
530 1574 579 1599 60
608 1571 796 1613 16111Ρο1·6
827 1559 871 1598 111
902 1558 1064 1598 diversa
1099 1573 1249 1614 pascua
1284 1559 1494 1597 deducunt
1520 1573 1663 1597 mares.
1708 1561 1796 1596 Ine-

124 1645 197 1673 unt
224 1634 267 1673 in
297 1649 433 1688 genua
461 1636 759 1689 procumbente
790 1633 973 1673 foemina
1003 1645 1044 1673 et
1073 1634 1214 1674 auxilo
1244 1632 1417 1688 pastoris
1447 1647 1547 1687 opus
1571 1643 1632 1671 est
1660 1646 1795 1687 super-

127 1708 313 1750 venienti
343 1709 466 1758 mari,
505 1709 578 1763 qui
606 1709 678 1749 diu
707 1720 910 1764 operatur.
968 1713 1064 1749 Post
1093 1724 1355 1763 congressum
1378 1707 1584 1747 foeminae
1607 1709 1680 1747 sub
1704 1722 1795 1747 cau-

123 1785 178 1823 da
206 1794 329 1823 cento
359 1783 657 1838 qualiscunque
688 1783 959 1838 appenditur,
1000 1798 1051 1824 ne
1095 1785 1232 1824 denuo
1273 1782 1455 1829 ineatur-3
1498 1782 1532 1821 si
1568 1796 1665 1821 vero
1702 1793 1795 1836 post

125 1858 308 1912 elapsam
350 1858 627 1914 septimanam
669 1858 843 1899 liberata
887 1860 1024 1900 denuo
1060 1858 1254 1899 admittat
1291 1872 1467 1906 marem,
1512 1857 1674 1911 signum
1710 1869 1793 1906 est,

127 1945 209 1970 non
238 1934 497 1989 concepisse,
530 1946 572 1973 et
600 1934 752 1974 iterum
781 1949 854 1989 per
883 1949 1068 1974 mensem
1099 1944 1259 1974 arcetur
1281 1934 1331 1972 ab
1355 1931 1607 1973 admissario.
1666 1933 1794 1985 Quin-

127 2005 267 2045 decim
296 2008 505 2048 mensibus
533 2009 747 2050 lunaribus
775 2020 893 2049 utero
922 2009 1049 2063 gerit,
1079 2024 1185 2049 anno
1215 2009 1341 2049 lactat
1369 2007 1611 2054 hinnulum,
1652 2006 1795 2046 tertio-

127 2094 209 2135 que
239 2081 375 2122 denuo
404 2083 571 2138 impleri
600 2084 768 2139 patitur.
838 2087 945 2123 Tota
981 2085 1065 2122 fere
1103 2082 1189 2122 vita
1217 2083 1327 2137 parit
1355 2082 1556 2128 foemina,
1601 2079 1794 2121 admissa-

130 2155 212 2195 rius
241 2167 335 2211 post
364 2157 612 2213 vigesimum
642 2174 793 2199 annum
823 2158 896 2197 vix
935 2157 1081 2212 gignit.
1147 2156 1350 2196 Hinnulus
1391 2156 1592 2196 sexennio
1629 2155 1792 2205 crescit,

127 2230 235 2270 vivit
263 2232 370 2271 ultra
401 2232 773 2287 quadragesimum.
839 2234 1038 2273 Nondum
1067 2230 1261 2273 anniculo
1289 2244 1332 2273 et
1360 2231 1495 2272 adhuc
1525 2231 1698 2272 lactanti
1726 2247 1793 2271 na-

127 2320 194 2346 sus
224 2309 345 2348 clavo
376 2307 547 2362 lingneo
576 2308 857 2363 pertunditur,
895 2320 939 2348 et
966 2312 1047 2361 jam
1074 2319 1173 2348 tunc
1203 2309 1412 2355 domatur,
1448 2319 1493 2347 ut
1520 2308 1791 2363 procumbere

128 2382 181 2421 acl
210 2393 357 2423 nutum
386 2394 430 2424 et
457 2398 623 2437 vocem,
667 2383 853 2441 itemque
891 2399 1054 2440 surgere
1089 2384 1239 2433 discat;
1283 2385 1402 2425 dorso
1433 2383 1559 2423 etiam
1589 2382 1794 2438 gradatim

1338 2465 1355 2483 ²3
