2196 2927
875 202 1019 227 ·—···-—··-
1696 205 1782 246 329

120 305 226 345 tiens
256 315 317 344 est
345 314 386 344 et
415 301 528 343 cicur
556 317 577 342 a
608 302 703 357 gelu
732 301 901 342 defendi
931 301 1078 347 debet,
1114 315 1166 341 ne
1196 302 1350 357 digitos
1380 302 1577 359 sphacelo
1606 305 1783 347 amittat.

115 380 432 421 Calmuccorum
461 389 503 418 et
530 381 772 417 Tatarorum
802 375 1015 430 principes
1060 385 1102 414 et
1142 390 1331 430 proceres
1374 379 1574 420 Falcones
1615 391 1785 436 propter

116 454 402 504 venationem,
441 467 600 493 summo
630 451 673 490 in
713 449 870 489 honore
901 448 1077 498 habent,
1126 461 1168 489 et
1197 465 1344 504 magna
1374 465 1517 494 curant
1547 455 1782 510 diligentia.

116 529 302 568 Plantam
333 528 557 583 quandam,
590 541 712 580 quam
743 526 1180 579 Clzumusur-ebessyn
1211 536 1360 564 vocant
1390 527 1625 579 Calmucci,
1666 533 1781 583 cujus

116 603 328 659 specimen
357 601 544 642 obtinere
573 615 656 639 non
685 599 826 655 potui,
856 614 952 639 vere
982 600 1026 640 in
1056 600 1183 656 pratis
1208 602 1260 640 ad
1286 601 1463 655 Volgam
1488 602 1651 656 legunt,
1681 607 1783 656 ejus-

109 693 194 733 -que
225 679 399 718 decocto
429 676 610 716 falcones
641 675 801 730 saepius
831 676 989 724 lavant,
1021 686 1066 715 ut
1095 691 1118 714 a
1147 675 1352 730 pediculis
1383 686 1425 715 et
1448 676 1585 716 scabie
1609 677 1783 717 liberen-

112 765 179 793 tur
207 763 248 792 et
276 752 441 806 plumae
472 751 618 790 laetius
649 761 856 798 crescant,
902 766 1025 804 quern
1063 750 1190 790 etiarn
1229 752 1427 791 effectum
1457 751 1501 791 in
1530 751 1704 792 homine
1735 753 1785 791 ad

112 828 268 868 tineam
296 841 485 866 exserere
516 827 735 866 decoctum
764 825 870 865 illud
901 825 1066 865 dicitur.
1123 825 1265 865 Tatari
1295 826 1474 880 Noga'r'ci
1499 825 1671 867 herbam
1695 825 1786 865 Ari-

111 900 341 942 stolochiae
373 901 608 942 Clematitis
638 916 688 942 eo
718 915 843 956 scopo
874 899 1098 947 adhibent,
1135 916 1239 957 quae
1277 902 1383 941 forte
1415 903 1561 943 eadem
1591 917 1685 942 cum
1713 901 1787 943 illa

111 975 345 1018 Calmuccis
375 976 537 1017 usitata.

248 1052 420 1091 Descr.
483 1052 608 1091 TAB.
640 1053 710 1091 IV.
754 1054 915 1092 Maris
945 1051 1096 1092 adulti:
1135 1053 1379 1106 Magnitudo
1409 1052 1517 1091 inter
1547 1067 1714 1092 corvum
1747 1063 1790 1091 et

109 1125 339 1172 cornicem3
371 1125 496 1165 facies
527 1127 816 1166 Subbuteonis.
873 1129 1061 1167 Rostrum
1091 1126 1178 1166 basi
1210 1127 1516 1176 coerulescens,
1562 1126 1698 1167 obiter
1726 1125 1787 1166 bi-

109 1202 346 1248 dentatum,
378 1200 550 1240 maxilla
581 1202 777 1241 inferiore
802 1202 994 1256 utrinque
1019 1201 1171 1241 leviter
1193 1201 1365 1240 sinuata.
1424 1203 1526 1241 Cera
1551 1200 1788 1247 flavissima,

107 1275 270 1316 narium
300 1274 499 1328 aperturis
544 1275 753 1325 rotundis,
798 1275 957 1330 papilla
994 1275 1204 1315 centratis.
1275 1276 1498 1330 Palpebrae
1526 1277 1610 1315 late
1639 1276 1786 1321 nudae,

110 1350 314 1405 pallidae,
346 1350 467 1389 irides
503 1351 661 1397 fuscae;
706 1350 972 1405 superciliare
1016 1352 1310 1404 suggrundium
1352 1351 1564 1389 nudatum.
1641 1351 1788 1390 Vertenc

108 1440 202 1465 cum
233 1423 396 1465 cervice
427 1425 613 1464 exsolete
644 1424 779 1478 nigra3
824 1440 918 1464 area
961 1426 1033 1464 sub
1077 1425 1208 1464 oculis
1251 1429 1488 1480 maculaque
1527 1436 1733 1479 mystacea
1765 1438 1788 1463 a

109 1511 239 1539 rostro
269 1500 523 1539 descendens
554 1510 638 1538 atra
683 1503 699 1552 (
712 1515 816 1554 quae
854 1500 981 1539 etiam
1012 1498 1282 1552 junioribus).
1353 1501 1530 1540 Dorsum
1572 1513 1701 1553 usque
1742 1497 1787 1538 in

109 1575 303 1620 caudam,
334 1574 571 1627 alarumque
601 1575 716 1613 bases
744 1574 1111 1628 plumbeo-fusca,
1142 1575 1315 1612 obscuro
1347 1573 1610 1612 transversim
1641 1572 1786 1613 fascia-

112 1660 166 1688 ta.
225 1650 413 1702 Remiges
441 1647 615 1687 interius
646 1647 750 1688 areis
780 1649 1045 1688 transversim
1077 1664 1098 1688 e
1129 1649 1218 1687 ruso
1261 1647 1366 1687 albis
1408 1647 1556 1687 subtus
1598 1647 1683 1686 avis
1726 1662 1786 1686 ru-

108 1723 438 1771 fescente-alba,
483 1723 551 1761 vel
596 1723 749 1769 lactea3
794 1723 888 1776 gula
916 1722 1203 1768 immaculata,
1246 1722 1388 1776 jugulo
1430 1720 1595 1776 punctis
1639 1721 1785 1776 sparsis

107 1797 416 1844 terminalibus,
453 1808 596 1852 pectus
626 1797 775 1837 taeniis
805 1798 1044 1837 transversis
1074 1797 1224 1851 nigris,
1266 1796 1508 1851 interruptis
1540 1798 1616 1848 (ᾗ),
1659 1795 1786 1836 crisso

109 1872 260 1912 sensim
291 1871 632 1921 obsoletioribus‚
663 1871 837 1913 brachia
867 1873 1007 1912 subtus
1037 1871 1314 1913 creberrimis.
1382 1872 1527 1912 Cauda
1558 1871 1641 1910 alas
1670 1885 1784 1910 com—

110 1945 262 2001 positas
291 1946 363 1986 vix
394 1948 620 1993 exceden53
659 1952 841 1987 rectrices
878 1958 1067 1986 extremo
1099 1957 1355 2000 angustatae,
1388 1947 1529 1985 fuscor·
1548 1946 1784 2000 plumbeae,

111 2019 246 2059 fasciis
275 2021 514 2060 transversis
543 2021 710 2061 circiter
738 2023 883 2060 decem
912 2020 1059 2074 nigris,
1092 2020 1210 2075 apice
1235 2021 1366 2061 albae.
1424 2021 1594 2060 Femora
1618 2019 1781 2074 punctis

112 2094 327 2149 sagittatis.
384 2097 509 2136 Pedes
538 2095 694 2136 robusti
725 2095 956 2142 ssavissimi;
997 2094 1127 2134 tibiae
1157 2095 1388 2140 breviores;
1434 2095 1555 2148 digiti
1584 2094 1782 2148 elongati,

115 2168 294 2209 verrucis
327 2169 612 2210 articularibus
643 2169 1036 2225 liaernisphaerici8‚
1081 2168 1262 2209 exterior
1290 2168 1401 2224 plica
1431 2169 1524 2210 laxa
1553 2168 1780 2210 divarican-

174 2337 226 2379 (*)
257 2338 441 2377 singulare
470 2341 503 2369 in
533 2338 587 2369 his
615 2339 739 2371 avibus
768 2339 864 2382 quod
892 2339 1088 2382 variegatio
1122 2337 1324 2381 junioribus
1352 2338 1639 2381 longitudinalis,
1680 2335 1776 2369 adul-

254 2400 301 2429 tis
329 2402 531 2430 transversa
559 2401 613 2431 sit.

1311 2474 1359 2515 42
