2196 2927
862 155 1004 180 a
1690 147 1772 200 133

322 258 414 297 Mus
444 255 717 303 meridianus,
747 256 886 296 Pallas
915 270 1003 294 nov.
1042 254 1109 307 Sp.
1153 255 1251 294 Glir.
1296 256 1377 295 tub,
1423 260 1467 296 18
1503 255 1554 294 Β.
1592 257 1768 297 itinerar.

375 335 428 372 II.
461 333 632 386 append.
663 348 701 386 p.
732 347 823 382 702.
855 346 891 369 n.
1349 344 1354 346 ⁷

320 407 471 446 Torrid
500 407 668 454 Jerboa,
699 406 889 443 Permane.
921 418 1012 455 syn.
1051 418 1089 457 p.
1123 419 1212 453 297.
1245 418 1281 441 η.
1314 412 1404 451 224.

239 483 285 519 In
317 479 495 526 arenosis
525 493 661 518 versus
700 493 810 517 mare
848 477 1032 531 caspium
1079 476 1297 531 aliquotiS,
1343 492 1418 516 nec
1460 492 1629 531 usquam
1672 477 1772 518 alibi

104 555 329 594 observata.
389 552 704 607 Elegantissima
735 552 917 607 specieS,
959 553 1050 600 sed,
1090 551 1135 591 ni
1163 552 1304 599 fallor,
1351 552 1401 590 acl
1434 555 1608 605 'Myoxos
1639 567 1772 591 aman-

101 630 259 677 danda,
316 628 424 667 inter
465 643 565 682 quos
615 639 656 667 et
695 627 883 682 Dipodas
936 626 1127 680 ambigua
1177 626 1263 665 sola
1316 626 1469 680 pedum
1519 625 1772 680 posticoruni

100 703 397 758 magnitudine.

555 876 727 928 XXII.
819 875 1323 929 SCIURI.

232 1053 287 1090 Ut
318 1061 408 1090 sunt
440 1049 562 1090 multi
592 1052 641 1090 ab
678 1050 911 1092 auctoribus
941 1049 1146 1105 propositi
1188 1046 1371 1102 generici
1400 1046 1677 1098 characteres,
1717 1049 1775 1090 ita

94 1120 139 1166 et
166 1124 221 1173 is,
252 1140 333 1179 quo
362 1127 618 1164 Linnaeus
659 1126 813 1165 sciuros
851 1124 1068 1165 distinctos
1098 1138 1183 1163 esse
1215 1122 1367 1172 voluit,
1408 1124 1459 1162 ab
1489 1123 1676 1163 affinibus
1707 1139 1773 1178 ge·

94 1198 260 1239 neribus
303 1200 471 1238 eosdem
516 1198 690 1238 minime
735 1199 989 1252 distinguere
1032 1199 1156 1237 valet.
1235 1199 1337 1236 Sunt
1378 1198 1491 1237 enim
1529 1198 1720 1238 omnibus
1751 1215 1774 1239 e

93 1272 258 1313 murino
288 1287 437 1327 genere
469 1274 614 1312 dentes
646 1288 767 1328 supra
797 1272 984 1319 cuneati,
1022 1271 1238 1311 inferiores
1269 1271 1469 1318 subulati,
1508 1271 1605 1311 solis
1635 1274 1773 1327 Spala-

93 1334 210 1388 cibus
240 1360 282 1387 et
311 1350 539 1401 Arctomye
569 1348 675 1387 forte
705 1348 914 1403 exceptis,
955 1358 995 1386 et
1026 1346 1060 1386 is
1092 1344 1307 1386 character
1336 1361 1358 1384 a
1389 1346 1583 1386 dentibus
1611 1359 1772 1390 tantum

93 1421 161 1463 his
191 1435 233 1463 et
262 1421 470 1477 Leporino
507 1423 614 1462 forte
659 1433 782 1477 atque
825 1421 1005 1463 Castoris
1048 1421 1268 1475 generibus
1318 1421 1564 1462 definiendis
1607 1424 1771 1465 sufficit.

94 1484 139 1536 Si
169 1512 313 1537 verum
342 1499 429 1536 sine
458 1496 774 1551 praeconceptis
803 1496 910 1535 ideis
938 1497 1161 1542 fateamur,
1205 1495 1440 1535 Sciurorum
1483 1495 1697 1538 character
1738 1498 1772 1539 is

95 1583 157 1612 est
188 1572 314 1621 solus,
347 1586 470 1626 quem
500 1573 657 1610 Graeca
687 1570 896 1625 appelatio
927 1568 1154 1623 antiquitus
1184 1567 1409 1623 expressit,
1447 1572 1580 1610 cauda
1608 1569 1772 1612 Scilicet.

94 1646 201 1687 laxis
229 1646 342 1686 villis
379 1643 563 1686 disticha
607 1657 649 1685 et
690 1660 835 1699 corpus
878 1643 1066 1683 animalis
1109 1644 1376 1691 obumbrans,
1420 1659 1496 1685 nec
1534 1645 1771 1688 invenietur

95 1721 213 1761 alius.
284 1719 469 1767 Etenim,
515 1731 559 1759 ut
588 1723 669 1773 jam
700 1718 812 1765 dixi,
854 1718 1034 1758 Glirium
1070 1719 1171 1758 ordo
1209 1718 1312 1758 adeo
1356 1729 1418 1758 est
1459 1720 1681 1768 naturalis;
1725 1734 1769 1763 ut

93 1796 286 1851 neglecto
314 1794 463 1835 habitu
494 1797 657 1835 Genera
687 1793 828 1834 omnia
857 1794 1078 1833 confluant.

457 1913 579 1943 ilo.
671 1898 1081 1943 SCIURUS
1157 1899 1415 1942 Varius.

231 1972 270 2011 S.
302 1969 494 2011 auriculis
525 1970 642 2026 apice
670 1970 875 2019 barbatis,
907 1984 1077 2024 corpore
1108 1971 1248 2009 subtus
1279 1970 1387 2009 albo.

311 2045 475 2085 Sciurus
503 2044 706 2099 vulgaris,
742 2047 830 2084 Lin.
870 2055 971 2097 syst.
1010 2045 1104 2083 XII.
1145 2046 1176 2083 Ι.
1216 2060 1255 2097 p.
1287 2050 1351 2083 86.
1388 2060 1448 2099 sp.
1486 2063 1516 2085 1.
1561 2048 1762 2090 Schreber.

365 2124 571 2159 mammal.
602 2121 672 2158 IV.
704 2135 742 2173 p.
773 2127 866 2171 757.
897 2118 980 2157 tab.
1013 2134 1102 2156 212.

310 2193 474 2233 Sciurus
503 2193 680 2247 vulgaris
709 2204 751 2232 et
781 2193 918 2238 albus,
947 2193 1123 2231 Brisson.
1153 2192 1294 2247 quadr.
1312 2209 1351 2247 p.
1376 2203 1462 2244 ¹04·
1488 2204 1572 2239 105.
1589 2213 1649 2253 Sp.
1673 2217 1703 2240 1.
1722 2217 1758 2241 2.

291 2267 477 2308 .Sciurus
506 2267 660 2315 varius,
694 2269 871 2307 Brisson.
903 2267 1045 2322 quadr.
1078 2283 1115 2321 p.
1152 2273 1237 2306 106.
1268 2282 1327 2319 sp.
1358 2276 1395 2317 4.

310 2342 523 2393 Ecureuil,
553 2343 714 2395 Buffon.
743 2344 835 2383 hist.
865 2352 947 2382 nat.
978 2343 1068 2382 VII.
1100 2358 1140 2395 p.
1173 2347 1262 2383 253.
1293 2343 1376 2393 cab.
1409 2350 1471 2386 32.
