2196 2927
907 196 1051 218 Ξ
1718 196 1799 235 103

243 296 435 338 Coraecis
469 297 702 349 Tc'zlatscha.
760 294 924 336 Aleutis
953 292 1134 332 Lakudk.
1194 294 1402 349 Canagice
1430 297 1559 352 Atyk.

241 399 570 442 Camtschadalis
604 399 797 438 Thlacsch
826 396 894 436 vel
928 396 1174 436 Tattaetsch.

242 503 394 546 Curilis
424 503 578 555 Onnep.
607 497 907 556 Japonensibus
949 499 1097 540 Umino
1114 524 1126 528 -
1143 514 1257 553 nego.

267 625 436 666 Animal
477 638 633 665 oceano
672 623 866 665 orientali
895 623 1125 679 peculiare,
1158 624 1270 678 quod
1298 637 1373 677 per
1401 621 1654 664 indefessum
1682 626 1802 666 Stel-

130 705 285 743 lerum
313 699 494 755 primum
522 698 719 740 innotuit.
777 697 1009 753 Quotannis
1038 709 1226 753 tempore
1256 697 1572 753 prolifioationis
1604 714 1657 739 ex
1687 714 1803 740 ocea-

130 791 184 816 no
226 774 400 830 pacifico
443 774 633 829 gregibus
676 774 855 828 migrant
884 788 1022 813 versus
1051 772 1271 813 orientalia
1302 772 1618 814 Camtschatcae
1647 773 1802 823 littora,

128 849 227 890 inde
256 864 330 905 per
357 848 510 889 insulas
533 863 671 889 versus
690 847 929 889 Americam
958 847 1074 897 sitas,
1106 858 1149 888 et
1176 848 1345 887 tandem
1375 849 1427 888 ad
1457 859 1637 888 austrum
1667 849 1803 888 denuo

130 935 402 964 revertuntur.
481 927 591 964 Raro
638 922 683 964 in
732 938 844 964 mare
888 921 1130 964 Ochotense
1181 933 1224 961 et
1265 921 1546 962 Penshinense
1591 924 1801 971 aberrant,

129 998 372 1054 praesertim
414 998 593 1039 feminae
638 1014 660 1038 3
703 1011 826 1053 grege
868 999 1069 1053 palantes.
1138 998 1276 1037 Mares
1316 996 1549 1052 polygami,
1594 995 1801 1046 bellicosi,

129 1073 404 1114 foeminarum
433 1084 475 1113 et
502 1072 632 1128 prolis
661 1072 828 1127 copiosa
857 1072 1021 1126 agmina
1050 1086 1126 1127 per
1152 1072 1282 1112 altum
1312 1073 1486 1121 ducunt,
1518 1071 1710 1120 maximi,
1742 1070 1803 1110 in-

127 1147 297 1202 trepidi.
354 1150 506 1187 Natant
533 1147 577 1187 in
607 1147 749 1194 dorso,
781 1146 1057 1186 velocissime.
1124 1150 1172 1187 In
1199 1147 1388 1201 scopulos
1417 1157 1460 1186 et
1488 1160 1632 1186 saxosa
1660 1144 1802 1186 littora

129 1232 300 1270 exeunt,
344 1220 496 1276 quietis
525 1231 568 1261 et
597 1233 835 1274 congressus
864 1235 1004 1269 causa,
1049 1231 1091 1260 et
1118 1220 1381 1275 pinguissimi
1410 1230 1607 1268 stertunt,
1637 1220 1800 1268 ludunt,

126 1293 341 1352 pugnants
394 1294 569 1336 Posticis
609 1294 787 1350 pedibus
829 1294 973 1350 inepte
1015 1294 1206 1349 quidem,
1252 1305 1434 1334 attamen
1464 1293 1633 1341 melius,
1677 1307 1803 1347 quam

127 1385 377 1425 congeneres
415 1371 622 1427 reliquae,
669 1380 859 1419 utuntur,
903 1369 956 1410 iis
983 1369 1180 1410 insistunt
1208 1379 1252 1409 et
1280 1369 1506 1424 eriguntur.
1576 1367 1803 1408 Dormiunt

127 1445 255 1486 etiarn
282 1445 328 1485 in
357 1445 572 1500 superficie
611 1444 754 1494 maris,
799 1444 970 1500 supinae
999 1455 1206 1493 natantes,
1239 1444 1391 1493 altero,
1424 1455 1469 1483 ut
1498 1444 1646 1491 Fertur,
1678 1442 1801 1483 oculo

128 1531 244 1561 extra
275 1535 424 1575 aquarn
452 1520 612 1569 clauso,
652 1520 784 1560 altero
814 1519 988 1572 (laevo)
1011 1519 1056 1559 in
1084 1533 1188 1573 aqua
1205 1530 1367 1574 aperto,
1412 1519 1521 1559 unde
1552 1528 1748 1558 venantes
1779 1532 1803 1556 a

127 1595 292 1636 sinistro
321 1595 450 1635 latere
481 1593 737 1647 adremigare
767 1592 930 1633 timent.
1001 1592 1180 1647 Reliqua
1217 1593 1269 1632 de
1308 1592 1491 1632 moribus
1529 1602 1572 1632 et
1599 1602 1805 1632 structura

128 1669 318 1711 animalis
347 1668 392 1709 in
423 1667 728 1710 absolutissima
756 1668 783 1708 S
793 1670 966 1709 telleri
994 1669 1295 1724 Monographia
1325 1666 1436 1707 vide.

233 1816 380 1856 Nota.
439 1816 688 1864 Catulorum,
720 1813 792 1870 qui
816 1825 1039 1856 nascuntur
1061 1813 1191 1869 nigri,
1222 1817 1344 1869 pelles
1375 1822 1573 1853 autumno
1594 1803 1805 1866 sesquitriss

127 1891 315 1946 pedales,
347 1889 698 1945 elegantissimae,
730 1889 828 1945 pilis
843 1891 1057 1939 brevibus,
1089 1888 1383 1937 molliusculis,
1415 1886 1653 1941 laevigatis,
1683 1900 1804 1940 supra

126 1964 250 2005 fuscis
279 1965 515 2006 summitate
553 1964 718 2005 cinerea
760 1965 827 2006 vel
869 1981 972 2006 cana
1015 1963 1258 2019 argentatis,
1303 1964 1444 2003 subtus
1486 1961 1802 2010 cinerascentes,

128 2040 238 2080 solae
266 2054 341 2094 pro
370 2055 507 2080 merce
538 2041 589 2080 ad
619 2039 736 2080 Sinas
765 2040 1016 2080 deferuntur.
1087 2039 1340 2078 Adultorum
1384 2035 1498 2077 coria
1538 2049 1613 2091 pro
1656 2033 1804 2084 ocreis,

127 2114 308 2162 utribus,
348 2125 390 2154 et
432 2116 483 2154 ad
514 2114 617 2154 alios
646 2113 896 2154 domesticos
926 2129 1019 2154 usus
1050 2115 1328 2154 absumuntur.
1403 2114 1450 2150 In
1470 2112 1662 2163 foeminis
1691 2108 1804 2148 adul-

127 2188 180 2229 tis
209 2187 393 2243 genitale
422 2187 669 2228 instructum
698 2189 882 2228 clitoride
910 2202 1075 2241 rugosa,
1116 2186 1437 2227 coerulescente.
1496 2185 1634 2240 Hepar
1665 2183 1806 2223 multi-

127 2263 229 2304 farie
259 2262 457 2311 incisum,
489 2263 743 2304 octolobum.
801 2263 942 2316 Cystz's
971 2261 1095 2302 fellea
1123 2276 1262 2318 parva.
1320 2260 1464 2302 Cordts
1485 2260 1610 2300 fibrae
1629 2259 1804 2300 solutae.

124 2335 241 2378 Pents
268 2351 357 2378 osse
386 2337 525 2378 fultus.
