2196 2927
888 199 1031 224 Ξ
1697 200 1778 238 133

114 298 260 342 Gauda
288 297 459 340 omnino
489 307 607 346 teres,
656 298 864 343 subnuda,
905 299 976 337 sed
1006 296 1264 337 creberrimis
1294 296 1436 338 setulis
1465 297 1611 338 obsita.
1679 300 1781 339 Ροη-

111 375 187 416 dus
217 376 268 415 ad
296 386 379 415 tres
408 372 639 414 drachmas.
710 372 937 424 Longitudo
977 372 1027 411 ab
1066 371 1182 425 apice
1225 372 1345 412 rostri
1389 374 1439 413 ad
1469 389 1591 413 anum
1623 375 1679 414 2'‘.
1709 375 1778 414 8⁰⁷.

116 449 267 505 capitis
304 451 394 489 11''‘.
439 447 560 488 rostri
591 447 640 486 ab
678 460 747 486 ore
789 447 859 486 3‘''.
903 446 1055 485 caudae
1100 446 1152 483 1⁰.
1196 447 1264 496 9'‘'.
1332 449 1565 488 Intestinum
1594 450 1777 504 aequale,

113 525 264 578 absque
294 538 442 569 coeco,
483 521 744 575 longitudine
781 531 825 570 14
855 521 1069 576 pollicum.
1126 523 1223 560 Lien
1258 527 1344 559 10“'.
1416 523 1626 563 Foeminae
1656 524 1778 563 vulva

110 610 151 639 et
182 614 278 638 anus
308 600 392 638 fere
422 597 633 637 communi
677 607 874 652 apertura.
947 597 1122 635 Masculz'
1164 594 1344 649 genitale
1386 597 1601 650 praeputio
1645 598 1781 651 proxi-

110 687 223 713 mum
251 687 352 719 ano,
383 671 646 725 longitudine
677 676 746 713 6'''.
777 672 1070 718 exserendum,
1101 670 1251 724 glande
1281 668 1417 717 laevi,
1455 669 1699 724 cylindrica.

230 846 315 891 56.
407 848 678 892 SOREX
732 848 1073 891 suaveolens.
1141 846 1288 888 TAB.
1338 846 1426 889 IX.
1464 841 1572 904 fig.
1614 860 1658 894 2.

241 968 282 1006 S.
313 966 581 1018 auriculatus,
611 969 1053 1026 gryseo-fuscescens,
1082 967 1213 1007 cauda
1242 965 1391 1006 lineari
1412 965 1535 1006 tereti
1561 965 1780 1005 concolore

106 1041 380 1096 pubescente,
410 1043 508 1097 pilis
538 1045 672 1099 longis
703 1043 954 1086 extantibus.

242 1130 288 1165 In
318 1128 497 1169 Taurico
528 1129 787 1171 Chersoneso
826 1131 1086 1183 frequentem
1128 1126 1173 1166 in
1214 1125 1346 1166 hortis
1389 1137 1431 1166 et
1473 1125 1600 1180 sylvis
1642 1127 1775 1166 obser-

106 1200 221 1247 vavi,
265 1200 391 1240 etiam
422 1201 575 1256 hyeme
614 1220 774 1258 vagum.
846 1201 1181 1242 Mordacissimus
1211 1216 1338 1255 quum
1367 1200 1548 1254 capitur,
1591 1202 1663 1240 sed
1693 1215 1777 1238 mu·

104 1285 180 1314 tus.
240 1275 374 1315 Odore
402 1275 553 1317 leniter
583 1276 798 1318 moschato
829 1275 1070 1316 suavissimo
1101 1289 1142 1314 se
1179 1274 1333 1329 prodit.
1405 1274 1675 1314 Cuniculatur
1704 1275 1778 1313 sub

103 1346 243 1389 herbis
273 1349 400 1390 etiam
428 1350 604 1394 humido
633 1353 740 1395 loco.
799 1351 938 1395 Catuli
966 1355 1049 1406 jam
1078 1348 1302 1391 Februario
1332 1347 1505 1397 minuti,
1548 1360 1678 1390 rostro
1707 1362 1776 1389 ex-

104 1434 164 1464 tra
194 1426 363 1466 modum
393 1428 531 1483 longo.

237 1554 406 1594 Descr.
464 1555 551 1595 Vix
581 1558 667 1596 Sor.
697 1569 905 1611 pygmaeo
935 1558 1085 1607 major,
1123 1553 1473 1608 elegantissimus,
1515 1567 1685 1607 corpore
1715 1564 1771 1592 te-

104 1627 343 1675 retiusculo‚
385 1629 508 1683 paulo
538 1631 668 1685 magis
706 1631 911 1684 elongato.
985 1631 1174 1670 Rostrum
1203 1627 1461 1683 argutissime
1492 1628 1774 1673 adtenuatum‚

102 1703 367 1743 terminatum
396 1718 494 1744 naso
523 1705 684 1745 minuto
712 1706 921 1753 brunneo,
950 1706 1084 1751 nudo,
1114 1703 1309 1756 didymo,
1338 1702 1504 1741 naribus
1532 1702 1771 1742 lateralibus

101 1789 279 1833 pertuso.
338 1779 485 1818 Subtus
515 1791 687 1820 rostrum
719 1779 926 1827 albidum,
956 1778 1317 1834 longitudinaliter
1346 1779 1502 1823 fissum,
1530 1788 1575 1816 ut
1602 1776 1646 1816 in
1675 1792 1770 1817 con-

102 1852 331 1906 generibus.
403 1854 551 1894 Dentes
594 1853 793 1895 incisores
844 1854 1015 1894 similes.
1093 1855 1303 1907 Mystaces
1352 1852 1516 1900 crebri,
1565 1851 1770 1891 reclinati.

103 1928 224 1968 Oculi
252 1927 401 1967 minuti
432 1928 563 1983 nigri,
594 1929 780 1977 auribus,
822 1945 944 1984 quam
982 1944 1081 1970 naso
1126 1927 1353 1983 propiores.
1422 1929 1641 1968 Auriculae
1671 1928 1772 1966 mol—

104 2004 184 2048 les,
224 2002 399 2048 vellere,
441 2016 603 2058 praeter
640 2005 818 2045 limbum
862 2007 1159 2060 pubescentem
1202 2003 1409 2048 albidum,
1452 2003 1536 2041 fere
1582 2002 1771 2041 latentes.

104 2079 143 2117 V
142 2080 240 2117 ellus
268 2077 556 2126 tenerrimum,
586 2095 669 2119 non
698 2080 820 2120 facile
845 2079 1171 2120 humectantium
1189 2088 1230 2117 et
1246 2076 1558 2123 mollissimum,
1587 2074 1630 2115 in
1653 2077 1772 2117 dorso

103 2167 125 2192 e
154 2151 625 2206 gryseo—cinerascente
667 2155 852 2194 obsolete
889 2156 1068 2198 fuscum,
1111 2150 1415 2191 holosericeum
1445 2150 1516 2190 vix
1545 2151 1680 2191 nitens
1710 2151 1771 2206 pi-

103 2228 153 2267 lis
184 2225 578 2281 superminentibus‚
624 2228 695 2282 qui
731 2227 775 2266 in
816 2228 1044 2282 posteriore
1074 2237 1190 2281 parte
1220 2226 1401 2281 corporis
1431 2225 1637 2281 longiores
1679 2241 1770 2281 pro-

103 2303 286 2348 minent,
316 2312 361 2340 ut
390 2301 433 2340 in
464 2303 503 2341 S.
533 2300 804 2357 hydrophilo.
865 2303 904 2341 V
901 2313 1008 2343 enter
1034 2313 1076 2342 et
1106 2302 1225 2357 pedes
1254 2300 1414 2348 albida,
1444 2301 1638 2356 lanugine
1659 2299 1771 2340 intus

104 2377 235 2424 fusca,
264 2378 336 2418 sed
365 2376 506 2418 albido
535 2376 779 2418 inumbrata.
844 2379 968 2420 Pedes
995 2379 1134 2418 subtus
1163 2375 1285 2424 nudi,
1314 2375 1457 2431 digitis
1486 2376 1602 2432 quasi
1631 2390 1769 2417 crena-
