2196 2927
386 301 469 348 los3
513 300 647 339 Nasus
683 308 786 343 ater3
822 294 1016 335 vibrissae
1053 306 1294 334 retrorsatae
1329 294 1490 348 nigrae3
1534 294 1654 333 irides
1698 295 2056 348 obscure-fulvam

389 379 498 415 color
535 374 644 413 rudis
680 382 721 410 et
758 370 832 409 alti
861 369 955 409 villi
982 369 1167 424 lupinus,
1210 369 1255 409 in
1284 370 1405 409 dorso
1433 369 1829 417 fusco—nebulosus3
1872 371 2055 425 virgatae

387 449 572 488 maculae
600 459 740 499 vagae,
769 444 1037 499 interruptae,
1066 443 1332 498 nigricantes‚
1362 459 1435 499 per
1463 444 1642 493 dorsum,
1672 444 1814 493 latera,
1844 447 2054 501 pedesque

383 535 566 576 sparsae,·
605 521 749 561 Gauda
776 520 882 560 talos
910 518 983 559 vix
1012 533 1203 574 aequans,
1241 518 1611 559 inflexo-recurva.

516 671 559 710 N
570 681 632 711 ot.
690 670 889 710 Fabulam
930 670 981 709 de
1022 667 1366 723 hermaphrodita
1405 680 1549 710 natura
1590 672 1790 724 Hyaenae
1830 669 2060 724 explicavit

383 748 442 787 z‘ZZ.
471 747 633 798 Buffon.
691 748 739 784 In
768 743 949 784 africano
979 743 1161 793 animali,
1198 744 1336 799 specie
1366 744 1543 794 diverso,
1575 759 1626 783 an
1655 745 1802 784 eadem
1830 746 2058 785 conforma-

382 819 470 860 tio?
512 823 726 874 Hyaenam
770 821 1003 859 Crocottam
1043 834 1129 859 esse
1172 818 1472 874 Antiquorum,
1514 829 1676 859 constat
1717 834 1770 859 ex
1803 820 2060 874 Agathar-

383 895 561 935 chidis
600 895 708 934 loco.
779 897 931 934 Forsan
972 909 1025 934 ex
1071 893 1253 949 hybrido
1288 908 1506 948 congressu
1542 897 1737 949 Hyaenae
1766 910 1859 934 cum
1889 895 2059 934 canibus

385 968 642 1016 domesticis,
685 969 792 1009 illud
832 970 987 1009 Plinii
1031 973 1141 1023 (hist.
1171 979 1255 1009 nat.
1284 970 1355 1010 lib.
1394 971 1506 1009 VIII.
1536 985 1626 1024 cap.
1657 972 1741 1022 61.)
1814 970 1940 1008 Indos
1971 968 2069 1008 alli-.

382 1058 477 1097 gare
498 1059 618 1084 canes
640 1044 683 1084 in
706 1043 832 1098 sylvis
860 1044 993 1084 coitus
1022 1056 1221 1099 tempore,
1254 1055 1298 1083 ut
1327 1058 1349 1082 e
1378 1043 1567 1098 tygribus
1596 1042 1850 1098 concipiant.
1918 1043 2061 1083 Varie-

384 1117 497 1172 gatio
524 1117 569 1158 in
598 1118 790 1159 Molossis
818 1119 979 1174 saepius
1008 1118 1179 1173 virgata,
1210 1129 1252 1158 et
1280 1117 1446 1172 digitus,
1477 1117 1521 1156 in
1546 1117 1598 1156 iis
1622 1128 1665 1156 et
1689 1117 1904 1167 venaticis,
1937 1133 2060 1173 quan-

385 1193 521 1247 doque
571 1195 623 1234 ad
663 1194 825 1248 plantas
867 1192 1140 1243 accessorius,
1184 1193 1319 1232 forsan
1369 1191 1674 1232 admixtionem
1723 1195 1809 1246 ejus
1850 1192 2060 1246 sanguinis

385 1265 585 1308 indicant.

837 1455 882 1496 9.
974 1440 1223 1484 CANIS
1293 1442 1602 1498 Alpinus.

521 1560 569 1600 C.
600 1573 771 1614 corpore
801 1561 927 1605 fulvo,
958 1561 1052 1614 gula
1080 1571 1295 1614 tractuque
1325 1563 1465 1601 subtus
1480 1560 1775 1616 longitudinali
1792 1561 1900 1610 albo,
1932 1564 2060 1602 cauda

386 1632 668 1682 vinosissima,
700 1633 817 1688 apice
847 1644 945 1673 atra.

598 1738 785 1788 Pesterefi
812 1738 949 1777 Journ.
977 1753 1056 1777 von
1082 1738 1289 1784 Ηῑιεῖαηά,
1325 1746 1437 1791 1794.
1466 1739 1632 1778 Januar.
1662 1754 1701 1791 p.
1734 1746 1797 1788 24.

495 1838 635 1879 Rossis
663 1838 707 1878 in
736 1838 929 1879 orientali
957 1839 1111 1880 Sibiria
1137 1841 1311 1881 Krasnoi
1345 1841 1460 1881 Wolk
1503 1843 1659 1896 (Lupus
1689 1840 1867 1893 rutilus).

521 1944 740 1997 Hucusque
778 1941 914 1996 ignoti
958 1941 1146 1982 animalis
1185 1943 1319 1998 pelles
1349 1958 1401 1983 ex
1432 1944 1589 1984 Udskoi
1615 1944 1770 1997 Ostrog
1805 1957 1944 1982 versus
1981 1944 2055 1983 ori-

388 2016 569 2056 entalem
609 2017 825 2056 Oceanum
860 2016 939 2056 sito
973 2029 1014 2056 et
1042 2032 1065 2056 e
1096 2017 1304 2072 superiore
1332 2018 1502 2072 regione
1530 2022 1668 2058 Lenae
1695 2019 1737 2058 fl.
1768 2019 1925 2058 adlatas
1954 2017 2054 2066 vidi,

388 2089 650 2145 similemque
693 2092 822 2131 feram
860 2092 904 2131 in
942 2093 1153 2134 monthus
1180 2093 1291 2134 circa
1319 2094 1453 2133 Fontes
1480 2093 1690 2142 Jeniseae,
1732 2104 1852 2133 extra
1881 2092 2056 2132 Sibiriae

388 2161 487 2204 fines
516 2164 618 2214 dari,
649 2166 699 2204 ab
729 2165 780 2205 iis
811 2167 966 2222 accepi,
998 2168 1071 2222 qui
1097 2167 1255 2208 limites
1285 2168 1559 2224 Imperiorum
1588 2167 1818 2207 Ruthenici
1847 2179 1890 2207 et
1918 2166 2054 2207 Sinen-

390 2239 442 2278 sis
481 2241 794 2294 frequentarunt
827 2251 870 2279 et
903 2241 1011 2281 intra
1052 2243 1242 2282 Sinarum
1269 2244 1369 2283 fines
1406 2243 1630 2298 aliquando
1658 2242 1924 2283 excursiones
1953 2242 2055 2279 fece-

389 2324 497 2353 runt.
556 2315 673 2353 Idem
701 2314 923 2369 indigitare
952 2315 1117 2356 videtur
1145 2319 1343 2358 Pestere
1346 2320 1379 2369 f
1404 2321 1482 2358 loc.
1512 2323 1578 2358 cit.
1607 2318 1680 2358 ubi
1716 2317 1862 2357 refert:
1921 2318 2056 2368 Lupos

389 2386 535 2427 rutilos
565 2403 764 2430 consensu
792 2405 932 2445 capras
962 2389 1120 2444 alpinas
1149 2393 1264 2442 ieras,
1296 2391 1459 2447 agmine
1488 2392 1617 2443 facto,
1659 2392 1703 2431 in
1731 2394 1827 2445 juga
1855 2387 2055 2444 rupestria
