2196 2927
872 188 1021 201 ··--
1693 175 1779 226 465

114 285 195 335 „in
224 285 357 324 fronte
388 283 469 324 alia
494 284 687 339 contigua
702 295 782 334 est,
813 300 829 333 g
858 284 1004 325 unciae
1029 284 1134 331 lata,
1164 283 1339 340 pulchre
1369 285 1520 325 rubens
1548 295 1591 325 et
1617 295 1780 326 tantum

115 391 138 409 „
150 374 232 399 non
263 358 471 399 coccinea.
541 362 679 399 Malae
707 360 859 399 fuscae.
928 359 1154 413 Reliquum
1184 371 1307 414 caput
1335 372 1376 400 et
1403 359 1598 399 tectrices
1627 360 1782 400 caudae

114 435 244 483 „albo
273 436 469 489 fuscoque
500 435 634 479 varia,
662 434 744 473 oris
772 449 921 490 nempe
951 435 1182 489 plumarum
1213 434 1330 473 albis.
1402 433 1525 473 Dorsi
1555 446 1598 473 et
1627 435 1782 474 alarum

115 509 316 564 „plumae
349 525 418 549 ora
447 509 718 557 rufescentes,
750 509 877 548 rarius
908 509 1038 548 albae.
1103 508 1249 547 subtus
1277 520 1365 548 tota
1395 509 1505 555 alba,
1547 508 1629 548 nisi
1658 507 1784 547 utrin-

115 598 252 637 ‚,que,
282 585 355 623 sub
384 581 508 622 initio
539 583 627 621 alae
655 583 766 622 rufus
795 584 922 622 color.
980 583 1125 623 cauda
1155 583 1406 632 obrotunda‚
1445 585 1574 630 fusca,
1619 582 1700 622 oris
1731 582 1785 622 al-

116 657 357 704 „bentibus
415 659 520 697 Alae
548 657 703 704 fuscae,
737 658 867 697 cauda
894 657 1123 697 breviores:
1153 663 1322 711 remiges
1344 657 1518 697 interius
1548 657 1668 696 albo·
1686 671 1786 696 mar-

116 732 335 786 „ginatae3
377 736 557 771 cecm'ces
585 732 701 786 apice
732 732 862 772 albae.
933 733 1058 772 Pedes
1087 731 1216 787 nigri,
1261 748 1391 787 ungue
1419 731 1582 787 postico
1619 730 1785 785 insigni.

116 807 310 856 „Pondus
340 805 629 846 drachmarum
660 813 750 848 31.“
785 808 910 847 Gmel.

402 885 522 928 106.
572 886 663 927 ἢΜ
695 886 733 927 U
763 887 789 927 S
820 884 858 928 C
888 887 904 928 Ι
934 884 972 929 C
1007 888 1044 928 A
1076 886 1108 927 P
1142 888 1184 929 A
1256 891 1498 942 guttam.

249 959 309 996 M.
341 971 461 1011 supra
490 957 607 995 furva
635 955 748 996 luteo
777 968 992 1012 punctam,
1038 958 1177 996 subtus
1219 958 1376 1013 pallida
1417 957 1536 1011 nigro
1566 955 1788 1010 variegata,

116 1031 246 1072 cauda
274 1031 373 1071 rufa.

332 1105 862 1146 “ZOOnalashka-Thrush.
894 1109 1080 1147 Lathczm.
1113 1124 1176 1147 αυ.
1204 1109 1256 1146 Π.
1294 1125 1326 1147 1.
1366 1123 1460 1162 pag.
1493 1113 1555 1147 23.
1598 1106 1790 1145 Pennant.

388 1182 504 1221 Zool.
537 1192 635 1221 arce.
666 1184 720 1221 II.
755 1198 794 1237 p.
828 1188 918 1222 333.

334 1256 495 1294 Turdus
526 1254 863 1303 Aunalaschkae,
897 1257 1064 1296 Gmelz'n.
1094 1267 1196 1309 εχει.
1227 1258 1315 1296 Lin.
1346 1258 1398 1295 II.
1430 1272 1468 1311 p.
1502 1261 1594 1296 808.
1637 1271 1694 1309 sp.
1726 1261 1791 1295 31·

253 1333 301 1369 In
329 1329 474 1369 insulis
506 1329 724 1369 Americae
755 1329 924 1378 vicinis,
967 1330 1210 1384 praesertim
1239 1332 1403 1370 Kadcak
1432 1329 1655 1385 aliquoties
1683 1329 1792 1369 lecta

117 1416 160 1445 et
189 1405 238 1445 ab
269 1410 387 1444 amic.
417 1406 644 1458 Billings
674 1405 725 1443 ad
755 1419 820 1443 me
849 1404 978 1457 ¹missa
1008 1415 1082 1444 est.

253 1481 424 1520 Descr.
482 1479 659 1526 Habitu,
704 1489 875 1525 statura,
920 1490 1133 1533 rostroque
1177 1479 1528 1534 depressiusculo,
1572 1490 1614 1518 et
1657 1477 1792 1532 dlgito

117 1553 325 1594 exteriore
354 1570 449 1595 cum
478 1552 619 1594 medio
649 1554 825 1592 multum
856 1553 1010 1593 coalito
1041 1555 1092 1593 ad
1122 1554 1380 1608 Muscicapas
1416 1553 1586 1594 omnino
1616 1553 1794 1592 referen-

118 1630 184 1669 da.
242 1631 513 1684 Synonymon
541 1638 682 1667 tamen
710 1626 793 1667 huc
822 1628 986 1668 videtur
1014 1628 1244 1683 pertinere,
1276 1627 1378 1668 licet
1406 1628 1544 1668 brevis
1568 1626 1793 1681 descriptio

119 1704 375 1758 aliquantum
406 1704 572 1743 differat
601 1720 623 1743 a
652 1702 880 1759 specimine
904 1704 1015 1756 quod
1038 1718 1176 1742 coram
1189 1702 1340 1743 habeo.
1398 1702 1642 1757 Magnitudo
1668 1704 1793 1754 majo·

118 1778 172 1817 ris
202 1777 435 1818 Lusciniae.
506 1780 695 1818 Rostrum
722 1777 812 1817 basi
849 1777 1238 1832 depressiusculum,
1283 1777 1456 1816 maxilla
1494 1776 1691 1816 inferiore
1735 1775 1790 1814 lu-

117 1862 322 1900 tescente;
352 1854 482 1893 Nares
510 1853 744 1908 depressae,
787 1853 944 1899 nudae3
987 1856 1138 1892 seculae
1167 1853 1305 1907 plures
1334 1852 1475 1907 nigrae
1505 1866 1624 1906 supra
1666 1849 1792 1889 rictus

120 1927 302 1980 angulos.
379 1927 483 1967 Avis
511 1943 634 1982 supra
662 1927 1045 1976 fusco-latescens,
1087 1927 1251 1981 punctis
1289 1927 1334 1966 in
1375 1926 1517 1966 medio
1558 1925 1793 1979 plumarum

120 1999 291 2054 singulis
319 2001 547 2040 latescente
564 1999 775 2055 -pallidjs.
837 2001 1097 2054 Uropygium
1115 2002 1204 2041 rufo
1220 2026 1233 2031 -
1248 2001 1474 2049 lutescenS,
1506 1999 1643 2054 strigis
1665 2010 1792 2039 trans-

121 2074 246 2114 versis
276 2075 412 2114 fuscis.
454 2077 558 2116 Alae
580 2085 698 2114 extus
726 2074 856 2129 magis
884 2075 1152 2123 lutescentes,
1181 2075 1271 2115 basi
1296 2087 1338 2114 et
1367 2090 1440 2130 per
1462 2074 1657 2114 tectrices
1686 2089 1795 2129 spar-

121 2149 173 2190 sis
203 2149 366 2204 punctis
397 2149 564 2203 guttatis
606 2149 916 2189 lutescentibus.
986 2150 1172 2203 Remiges
1213 2149 1479 2190 secundariae
1522 2148 1792 2189 subtilissimo

121 2225 240 2279 apice
270 2223 473 2284 rhacbeos
503 2223 781 2271 acuminatae,
810 2223 900 2264 basi
928 2223 1101 2263 interius
1138 2224 1269 2265 albae.
1328 2225 1452 2273 Gula,
1484 2223 1652 2270 collum,
1679 2227 1792 2278 jugu-

119 2299 206 2340 lum
237 2301 375 2339 subtus
405 2299 582 2354 pallida,
612 2298 798 2354 apicibus
812 2298 1045 2353 plumarum
1066 2298 1366 2354 nigricantibus
1382 2310 1590 2355 punctata.
1649 2299 1792 2338 Pectus

122 2374 284 2426 album,
313 2373 450 2415 fasciis
478 2373 738 2423 transversis,
766 2374 927 2430 plumas
956 2374 1275 2417 terminantibus
1303 2374 1451 2429 nigris,
1481 2375 1624 2416 luteo·
1644 2371 1793 2428 margi·

1330 2458 1380 2502 59
