2196 2927
128 296 252 346 bunt,
296 297 406 337 unde
448 295 557 338 mihi
596 292 856 338 transmissae
893 295 1020 335 fuere.
1090 295 1157 334 Ne
1186 295 1287 350 quid
1316 297 1512 340 omissum
1541 299 1613 352 sit,
1652 312 1794 343 utcun-

131 386 210 427 que
237 372 480 413 describam.

265 501 435 542 Descr.
501 498 678 539 Habitus
706 508 749 538 et
776 507 864 538 tota
893 496 1019 537 facies
1048 499 1108 537 Μ.
1139 497 1345 549 Erminei,
1389 515 1469 554 qua
1497 506 1621 557 paulo
1650 507 1795 559 majus.

127 575 277 616 Dentes
305 576 498 630 pedesque
526 572 747 613 simillimi.
806 574 928 613 Color
956 571 1140 628 corporis
1169 588 1291 628 supra
1321 589 1343 614 e
1367 576 1456 615 rufo
1479 577 1678 628 fuscidus,
1709 581 1797 621 fere

128 662 172 690 ut
201 649 395 689 Ermineo
432 648 608 697 aestivo,
650 648 773 703 paulo
816 647 945 702 magis
988 648 1215 695 rufescens;
1258 649 1396 690 subtus
1438 650 1794 705 longitudinaliter

127 725 255 764 albus.
313 724 459 764 Gauda
489 724 640 771 multo,
672 738 795 777 quam
824 722 868 762 in
898 722 1114 773 Ermineo,
1146 723 1327 779 longior,
1359 723 1472 765 haud
1494 726 1623 782 magis
1646 726 1793 782 pilosa,

127 800 246 839 dorso
275 798 471 840 concolor
499 813 626 854 usque
657 797 700 838 in
729 809 959 838 extremum
993 797 1167 853 apicem.

259 923 302 962 Ν
309 933 405 963 ota.
471 921 709 978 Descriptio
740 924 902 964 Cettii
932 921 1123 964 Sardicae
1153 924 1356 965 Mustelae
1387 924 1551 966 videtur
1578 924 1678 968 huic
1708 941 1793 984 spe=

125 996 208 1038 ciei
236 997 406 1039 omnino
435 997 672 1040 convenire.

459 1231 694 1285 Genus
736 1236 855 1287 VII.
929 1235 967 1285 P
1017 1236 1066 1288 H
1115 1237 1164 1287 O
1217 1237 1259 1287 C
1307 1238 1353 1288 A
1406 1239 1458 1288 E.

255 1404 488 1447 Phocarum
525 1406 683 1463 species
718 1407 762 1449 in
805 1410 970 1451 oceanis
1013 1408 1231 1450 Rossicum
1260 1409 1487 1466 Imperium
1517 1409 1794 1461 adluentibus,

123 1482 251 1521 boreo
281 1493 323 1522 et
351 1483 466 1531 eolo,
497 1494 609 1522 certe
633 1484 782 1523 dantur
804 1485 1123 1533 numerosiores,
1155 1500 1278 1539 quam
1301 1501 1322 1524 a
1346 1501 1411 1525 me
1443 1485 1674 1525 enumerari
1702 1501 1793 1541 pos-

121 1566 226 1596 sunt.
299 1557 381 1596 Sed
424 1558 572 1596 desunt
607 1570 778 1598 exactae
808 1559 918 1599 circa
946 1560 1039 1599 illas
1068 1559 1264 1607 notitiae,
1305 1575 1357 1599 ne
1387 1561 1525 1600 dicam
1554 1560 1794 1615 descriptio—

120 1645 192 1670 nes
222 1642 455 1678 accuratae3
487 1630 603 1670 nolui
633 1643 770 1672 autem
799 1632 957 1674 incerta
987 1634 1196 1688 adoptare.
1255 1636 1370 1688 Quae
1401 1633 1472 1674 hic
1495 1633 1688 1689 exposui,
1719 1633 1795 1675 im·

120 1705 304 1760 perfecta
320 1704 502 1760 quidem,
527 1706 600 1745 sed
616 1706 801 1762 autopsia
830 1707 976 1757 totius,
1008 1709 1075 1747 vel
1098 1707 1297 1762 partium,
1330 1710 1569 1748 confirmata
1592 1723 1793 1764 propono,

120 1791 166 1819 ut
195 1791 329 1820 certus
359 1779 437 1819 sim
466 1780 599 1819 nullas
630 1795 696 1820 me
727 1781 966 1832 varietates,
1005 1782 1237 1837 specierum
1266 1783 1380 1832 loco,
1421 1784 1648 1838 adoptasse.
1716 1783 1794 1823 Mi-

121 1856 317 1894 rabuntur
347 1853 495 1908 aliqui,
534 1854 579 1894 in
608 1855 742 1910 prima
771 1857 904 1896 fronte
934 1855 1055 1911 hujus
1082 1856 1243 1911 generis
1273 1858 1498 1898 collocasse
1528 1872 1594 1897 me
1625 1857 1794 1907 animal,

121 1929 171 1968 ab
203 1927 294 1968 aliis
324 1930 375 1968 ad
404 1929 601 1969 Mustelas
631 1931 699 1970 vel
729 1930 922 1971 Viverras
951 1932 1145 1980 relatum3
1176 1943 1218 1972 et
1239 1947 1334 1972 vere
1357 1931 1575 1972 transitum
1589 1932 1794 1972 illustrem

121 2002 228 2042 illud
258 2001 387 2043 efficit
417 2019 438 2043 a
467 2003 654 2044 Viverris
700 2005 901 2060 aquaticis
941 2008 993 2047 ad
1022 2005 1193 2047 Phocas.
1253 2008 1333 2047 Sed
1364 2006 1578 2047 character
1601 2007 1792 2056 dentium,

121 2091 295 2132 quorum
336 2077 536 2131 primores
578 2078 684 2118 infra
725 2091 887 2120 tantum
929 2081 1139 2136 quaterni,
1184 2080 1284 2120 situs
1327 2093 1369 2120 et
1411 2091 1610 2120 structura
1647 2082 1792 2135 pedum

120 2150 361 2207 praesertim
389 2152 682 2206 posteriorum,
727 2155 882 2194 caudae
921 2156 1122 2204 brevitas,
1167 2165 1209 2194 et
1246 2155 1436 2209 depressa
1466 2155 1620 2202 forma,
1662 2171 1790 2206 aures,

122 2225 231 2265 vitae
262 2240 408 2279 genus,
439 2226 574 2281 proles
604 2241 747 2281 parum
776 2243 1009 2277 numerosa,
1041 2228 1204 2282 aliaque
1234 2245 1256 2268 a
1284 2231 1417 2270 Lutris
1445 2229 1550 2270 illud
1579 2244 1790 2285 segregare

121 2312 163 2340 et
193 2299 424 2340 Phocarum
454 2300 595 2354 generi
623 2303 845 2357 praefigere
875 2304 1032 2356 jubent.
1103 2305 1258 2345 Omnes
1301 2305 1413 2345 enim
1450 2303 1613 2345 Phocae
1649 2305 1693 2345 in
1723 2304 1789 2345 his

122 2375 396 2426 conveniunt3
428 2375 558 2417 immo
589 2375 753 2418 habitus
784 2393 948 2434 quoque
977 2378 1112 2421 Lutris
1154 2391 1196 2420 et
1238 2380 1421 2436 corporis
1463 2380 1592 2421 forma
1634 2378 1788 2422 Phoca-

1332 2461 1349 2481 ἢ
