<?xml version="1.0" encoding="UTF-8"?>
<!DOCTYPE html PUBLIC "-//W3C//DTD XHTML 1.0 Transitional//EN"
    "http://www.w3.org/TR/xhtml1/DTD/xhtml1-transitional.dtd">
<html xmlns="http://www.w3.org/1999/xhtml" xml:lang="en" lang="en">
 <head>
  <title>
</title>
<meta http-equiv="Content-Type" content="text/html;charset=utf-8" />
  <meta name='ocr-system' content='tesseract 3.04.00' />
  <meta name='ocr-capabilities' content='ocr_page ocr_carea ocr_par ocr_line ocrx_word'/>
</head>
<body>
  <div class='ocr_page' id='page_1' title='image "./zoographiarossoa11831pall_0141.png"; bbox 0 0 2196 2927; ppageno 0'>
   <div class='ocr_carea' id='block_1_1' title="bbox 876 182 1770 207">
    <p class='ocr_par' dir='ltr' id='par_1_1' title="bbox 876 182 1770 207">
     <span class='ocr_line' id='line_1_1' title="bbox 876 182 1770 207; baseline 0.002 -2"><span class='ocrx_word' id='word_1_1' title='bbox 876 182 1022 205; x_wconf 77' lang='grc'><strong>“-““----.</strong></span> <span class='ocrx_word' id='word_1_2' title='bbox 1695 182 1770 207; x_wconf 87' lang='lat'>111</span> 
     </span>
    </p>
   </div>
   <div class='ocr_carea' id='block_1_2' title="bbox 435 292 1463 356">
    <p class='ocr_par' dir='ltr' id='par_1_2' title="bbox 435 292 1463 356">
     <span class='ocr_line' id='line_1_2' title="bbox 435 292 1463 356; baseline -0.008 -14"><span class='ocrx_word' id='word_1_3' title='bbox 435 307 526 356; x_wconf 83' lang='lat'>40.</span> <span class='ocrx_word' id='word_1_4' title='bbox 616 292 929 340; x_wconf 91' lang='lat' dir='ltr'>PHOCA</span> <span class='ocrx_word' id='word_1_5' title='bbox 1017 292 1463 347; x_wconf 63' lang='lat' dir='ltr'>Equestris.</span> 
     </span>
    </p>
   </div>
   <div class='ocr_carea' id='block_1_3' title="bbox 243 403 1776 469">
    <p class='ocr_par' dir='ltr' id='par_1_3' title="bbox 243 403 1776 469">
     <span class='ocr_line' id='line_1_3' title="bbox 243 403 1776 469; baseline -0.003 -20"><span class='ocrx_word' id='word_1_6' title='bbox 243 417 288 454; x_wconf 86' lang='lat' dir='ltr'>P.</span> <span class='ocrx_word' id='word_1_7' title='bbox 318 413 455 469; x_wconf 74' lang='lat' dir='ltr'>capite</span> <span class='ocrx_word' id='word_1_8' title='bbox 485 432 681 444; x_wconf 87' lang='lat'>-----</span> <span class='ocrx_word' id='word_1_9' title='bbox 691 438 701 457; x_wconf 96' lang='lat'>,</span> <span class='ocrx_word' id='word_1_10' title='bbox 746 418 916 461; x_wconf 82' lang='lat' dir='ltr'>corpore</span> <span class='ocrx_word' id='word_1_11' title='bbox 954 405 1160 453; x_wconf 87' lang='lat' dir='ltr'>brunneo,</span> <span class='ocrx_word' id='word_1_12' title='bbox 1200 403 1325 444; x_wconf 73' lang='lat' dir='ltr'>fascia</span> <span class='ocrx_word' id='word_1_13' title='bbox 1354 406 1534 445; x_wconf 84' lang='lat' dir='ltr'>flexuosa</span> <span class='ocrx_word' id='word_1_14' title='bbox 1564 406 1657 446; x_wconf 86' lang='lat' dir='ltr'>alba</span> <span class='ocrx_word' id='word_1_15' title='bbox 1688 404 1776 445; x_wconf 85' lang='lat' dir='ltr'>dor-</span> 
     </span>
    </p>
   </div>
   <div class='ocr_carea' id='block_1_4' title="bbox 111 486 1781 763">
    <p class='ocr_par' dir='ltr' id='par_1_4' title="bbox 111 486 1781 763">
     <span class='ocr_line' id='line_1_4' title="bbox 111 486 646 543; baseline -0.015 -13"><span class='ocrx_word' id='word_1_16' title='bbox 111 503 199 530; x_wconf 81' lang='lat' dir='ltr'>sum</span> <span class='ocrx_word' id='word_1_17' title='bbox 227 488 411 543; x_wconf 82' lang='lat' dir='ltr'>undique</span> <span class='ocrx_word' id='word_1_18' title='bbox 441 486 646 539; x_wconf 81' lang='lat' dir='ltr'>cingente.</span> 
     </span>
     <span class='ocr_line' id='line_1_5' title="bbox 325 560 1778 617; baseline -0.006 -9"><span class='ocrx_word' id='word_1_19' title='bbox 325 560 663 613; x_wconf 89' lang='lat' dir='ltr'>Rubbon-Seal,</span> <span class='ocrx_word' id='word_1_20' title='bbox 695 564 814 604; x_wconf 84' lang='lat' dir='ltr'>Penn.</span> <span class='ocrx_word' id='word_1_21' title='bbox 844 577 936 616; x_wconf 78' lang='lat' dir='ltr'>syn.</span> <span class='ocrx_word' id='word_1_22' title='bbox 966 561 1108 617; x_wconf 79' lang='lat' dir='ltr'>quadr.</span> <span class='ocrx_word' id='word_1_23' title='bbox 1139 576 1177 615; x_wconf 85' lang='lat' dir='ltr'>p.</span> <span class='ocrx_word' id='word_1_24' title='bbox 1203 565 1294 601; x_wconf 77' lang='lat'><strong>523.</strong></span> <span class='ocrx_word' id='word_1_25' title='bbox 1323 575 1361 599; x_wconf 85' lang='lat' dir='ltr'>n.</span> <span class='ocrx_word' id='word_1_26' title='bbox 1386 565 1475 600; x_wconf 78' lang='lat'><strong>380.</strong></span> <span class='ocrx_word' id='word_1_27' title='bbox 1497 562 1580 614; x_wconf 83' lang='lat' dir='ltr'>fig.</span> <span class='ocrx_word' id='word_1_28' title='bbox 1611 577 1649 615; x_wconf 86' lang='lat' dir='ltr'>p.</span> <span class='ocrx_word' id='word_1_29' title='bbox 1685 567 1778 603; x_wconf 76' lang='lat'>513.</span> 
     </span>
     <span class='ocr_line' id='line_1_6' title="bbox 382 640 1049 694; baseline -0.006 -14"><span class='ocrx_word' id='word_1_30' title='bbox 382 641 498 681; x_wconf 85' lang='lat' dir='ltr'>ZooZ.</span> <span class='ocrx_word' id='word_1_31' title='bbox 528 649 628 680; x_wconf 75' lang='lat' dir='ltr'>arct-</span> <span class='ocrx_word' id='word_1_32' title='bbox 658 640 691 678; x_wconf 88' lang='grc' dir='ltr'>Ι.</span> <span class='ocrx_word' id='word_1_33' title='bbox 722 655 760 694; x_wconf 84' lang='lat' dir='ltr'>p.</span> <span class='ocrx_word' id='word_1_34' title='bbox 799 644 884 678; x_wconf 82' lang='lat'>165.</span> <span class='ocrx_word' id='word_1_35' title='bbox 915 653 954 676; x_wconf 87' lang='grc' dir='ltr'>η.</span> <span class='ocrx_word' id='word_1_36' title='bbox 984 643 1049 688; x_wconf 81' lang='grc'>78.</span> 
     </span>
     <span class='ocr_line' id='line_1_7' title="bbox 219 712 1781 763; baseline -0.004 -1"><span class='ocrx_word' id='word_1_37' title='bbox 219 721 401 763; x_wconf 90' lang='lat' dir='ltr'>Lamutis</span> <span class='ocrx_word' id='word_1_38' title='bbox 431 722 674 761; x_wconf 72' lang='lat' dir='ltr'>Onaecscha.</span> <span class='ocrx_word' id='word_1_39' title='bbox 735 717 928 760; x_wconf 81' lang='lat' dir='ltr'>Coraecis</span> <span class='ocrx_word' id='word_1_40' title='bbox 950 717 1178 758; x_wconf 77' lang='lat' dir='ltr'>Mutschzm.</span> <span class='ocrx_word' id='word_1_41' title='bbox 1238 712 1566 756; x_wconf 78' lang='lat' dir='ltr'>Camtschadalis</span> <span class='ocrx_word' id='word_1_42' title='bbox 1595 715 1781 755; x_wconf 81' lang='lat' dir='ltr'>Schesch·</span> 
     </span>
    </p>
   </div>
   <div class='ocr_carea' id='block_1_5' title="bbox 271 795 783 838">
    <p class='ocr_par' dir='ltr' id='par_1_5' title="bbox 271 795 783 838">
     <span class='ocr_line' id='line_1_8' title="bbox 271 795 783 838; baseline -0.008 0"><span class='ocrx_word' id='word_1_43' title='bbox 271 799 359 838; x_wconf 74' lang='lat' dir='ltr'><em>cha.</em></span> <span class='ocrx_word' id='word_1_44' title='bbox 418 795 572 838; x_wconf 79' lang='lat' dir='ltr'>Curilis</span> <span class='ocrx_word' id='word_1_45' title='bbox 601 795 783 835; x_wconf 82' lang='lat' dir='ltr'>Kaanen.</span> 
     </span>
    </p>
   </div>
   <div class='ocr_carea' id='block_1_6' title="bbox 109 879 1783 1093">
    <p class='ocr_par' dir='ltr' id='par_1_6' title="bbox 109 879 1783 1093">
     <span class='ocr_line' id='line_1_9' title="bbox 245 879 1783 937; baseline -0.005 -9"><span class='ocrx_word' id='word_1_46' title='bbox 245 886 470 928; x_wconf 83' lang='lat' dir='ltr'>Rarissime</span> <span class='ocrx_word' id='word_1_47' title='bbox 499 886 543 927; x_wconf 88' lang='lat' dir='ltr'>in</span> <span class='ocrx_word' id='word_1_48' title='bbox 575 885 679 926; x_wconf 86' lang='lat' dir='ltr'>mari</span> <span class='ocrx_word' id='word_1_49' title='bbox 708 882 959 932; x_wconf 90' lang='lat' dir='ltr'>Ochotensi,</span> <span class='ocrx_word' id='word_1_50' title='bbox 1002 881 1256 937; x_wconf 81' lang='lat' dir='ltr'>frequentius</span> <span class='ocrx_word' id='word_1_51' title='bbox 1299 879 1409 921; x_wconf 85' lang='lat' dir='ltr'>circa</span> <span class='ocrx_word' id='word_1_52' title='bbox 1448 879 1683 921; x_wconf 86' lang='lat' dir='ltr'>Curilorum</span> <span class='ocrx_word' id='word_1_53' title='bbox 1719 880 1783 920; x_wconf 84' lang='lat' dir='ltr'>in·</span> 
     </span>
     <span class='ocr_line' id='line_1_10' title="bbox 110 955 1779 1008; baseline -0.006 -4"><span class='ocrx_word' id='word_1_54' title='bbox 110 964 213 1004; x_wconf 87' lang='lat' dir='ltr'>sulas</span> <span class='ocrx_word' id='word_1_55' title='bbox 242 960 432 1002; x_wconf 89' lang='lat' dir='ltr'>habitare</span> <span class='ocrx_word' id='word_1_56' title='bbox 462 960 635 1008; x_wconf 87' lang='lat' dir='ltr'>dicitur;</span> <span class='ocrx_word' id='word_1_57' title='bbox 666 960 739 1001; x_wconf 91' lang='lat' dir='ltr'>ubi</span> <span class='ocrx_word' id='word_1_58' title='bbox 767 959 943 1007; x_wconf 74' lang='lat' dir='ltr'>retibus,</span> <span class='ocrx_word' id='word_1_59' title='bbox 974 957 1083 998; x_wconf 85' lang='lat' dir='ltr'>inter</span> <span class='ocrx_word' id='word_1_60' title='bbox 1112 957 1269 996; x_wconf 83' lang='lat' dir='ltr'>Phocas</span> <span class='ocrx_word' id='word_1_61' title='bbox 1299 955 1454 994; x_wconf 83' lang='lat' dir='ltr'>ursinas</span> <span class='ocrx_word' id='word_1_62' title='bbox 1484 955 1684 1008; x_wconf 86' lang='lat' dir='ltr'>juniores,</span> <span class='ocrx_word' id='word_1_63' title='bbox 1716 969 1779 995; x_wconf 88' lang='lat' dir='ltr'>ca-</span> 
     </span>
     <span class='ocr_line' id='line_1_11' title="bbox 109 1029 1783 1093; baseline -0.005 -16"><span class='ocrx_word' id='word_1_64' title='bbox 109 1038 153 1093; x_wconf 89' lang='lat' dir='ltr'>pi</span> <span class='ocrx_word' id='word_1_65' title='bbox 182 1035 354 1084; x_wconf 84' lang='lat' dir='ltr'>dicitur3</span> <span class='ocrx_word' id='word_1_66' title='bbox 385 1035 493 1075; x_wconf 82' lang='lat' dir='ltr'>mihi</span> <span class='ocrx_word' id='word_1_67' title='bbox 521 1046 683 1075; x_wconf 86' lang='lat' dir='ltr'>tantum</span> <span class='ocrx_word' id='word_1_68' title='bbox 724 1049 779 1074; x_wconf 85' lang='lat' dir='ltr'>ex</span> <span class='ocrx_word' id='word_1_69' title='bbox 806 1034 918 1089; x_wconf 87' lang='lat' dir='ltr'>pelle</span> <span class='ocrx_word' id='word_1_70' title='bbox 948 1048 1031 1072; x_wconf 90' lang='lat' dir='ltr'>non</span> <span class='ocrx_word' id='word_1_71' title='bbox 1060 1034 1220 1087; x_wconf 81' lang='lat' dir='ltr'>integra</span> <span class='ocrx_word' id='word_1_72' title='bbox 1247 1029 1449 1080; x_wconf 82' lang='lat' dir='ltr'>innotuit,</span> <span class='ocrx_word' id='word_1_73' title='bbox 1494 1044 1599 1085; x_wconf 89' lang='lat' dir='ltr'>quae</span> <span class='ocrx_word' id='word_1_74' title='bbox 1640 1040 1783 1070; x_wconf 83' lang='lat' dir='ltr'>tamen</span> 
     </span>
    </p>
   </div>
   <div class='ocr_carea' id='block_1_7' title="bbox 109 1108 1060 1166">
    <p class='ocr_par' dir='ltr' id='par_1_7' title="bbox 109 1108 1060 1166">
     <span class='ocr_line' id='line_1_12' title="bbox 109 1108 1060 1166; baseline -0.005 -14"><span class='ocrx_word' id='word_1_75' title='bbox 109 1111 282 1152; x_wconf 82' lang='lat' dir='ltr'>indubie</span> <span class='ocrx_word' id='word_1_76' title='bbox 311 1109 534 1166; x_wconf 84' lang='lat' dir='ltr'>peculiaris</span> <span class='ocrx_word' id='word_1_77' title='bbox 563 1109 722 1164; x_wconf 87' lang='lat' dir='ltr'>speciei</span> <span class='ocrx_word' id='word_1_78' title='bbox 750 1123 837 1149; x_wconf 82' lang='lat' dir='ltr'>esse</span> <span class='ocrx_word' id='word_1_79' title='bbox 867 1108 955 1148; x_wconf 87' lang='lat' dir='ltr'>visa</span> <span class='ocrx_word' id='word_1_80' title='bbox 984 1118 1060 1148; x_wconf 85' lang='lat' dir='ltr'>est.</span> 
     </span>
    </p>
   </div>
   <div class='ocr_carea' id='block_1_8' title="bbox 107 1253 1784 1838">
    <p class='ocr_par' dir='ltr' id='par_1_8' title="bbox 107 1253 1784 1838">
     <span class='ocr_line' id='line_1_13' title="bbox 216 1253 1784 1317; baseline -0.006 -15"><span class='ocrx_word' id='word_1_81' title='bbox 216 1263 386 1303; x_wconf 80' lang='lat' dir='ltr'>Descr.</span> <span class='ocrx_word' id='word_1_82' title='bbox 442 1263 726 1317; x_wconf 73' lang='lat' dir='ltr'>Magnitudine</span> <span class='ocrx_word' id='word_1_83' title='bbox 767 1263 1064 1317; x_wconf 78' lang='lat' dir='ltr'>praecedentes</span> <span class='ocrx_word' id='word_1_84' title='bbox 1107 1274 1300 1314; x_wconf 83' lang='lat' dir='ltr'>aequasse</span> <span class='ocrx_word' id='word_1_85' title='bbox 1343 1258 1411 1298; x_wconf 83' lang='lat' dir='ltr'>vel</span> <span class='ocrx_word' id='word_1_86' title='bbox 1453 1255 1676 1296; x_wconf 82' lang='lat' dir='ltr'>excessisse</span> <span class='ocrx_word' id='word_1_87' title='bbox 1722 1253 1784 1294; x_wconf 83' lang='lat' dir='ltr'>vi-</span> 
     </span>
     <span class='ocr_line' id='line_1_14' title="bbox 109 1331 1782 1392; baseline -0.005 -15"><span class='ocrx_word' id='word_1_88' title='bbox 109 1338 300 1386; x_wconf 79' lang='lat' dir='ltr'>debatur,</span> <span class='ocrx_word' id='word_1_89' title='bbox 332 1337 456 1391; x_wconf 80' lang='lat' dir='ltr'>pellis</span> <span class='ocrx_word' id='word_1_90' title='bbox 486 1337 600 1377; x_wconf 83' lang='lat' dir='ltr'>enirn</span> <span class='ocrx_word' id='word_1_91' title='bbox 628 1336 765 1392; x_wconf 86' lang='lat' dir='ltr'>portio</span> <span class='ocrx_word' id='word_1_92' title='bbox 795 1352 817 1377; x_wconf 92' lang='lat' dir='ltr'>e</span> <span class='ocrx_word' id='word_1_93' title='bbox 848 1337 935 1377; x_wconf 86' lang='lat' dir='ltr'>solo</span> <span class='ocrx_word' id='word_1_94' title='bbox 965 1337 1086 1376; x_wconf 84' lang='lat' dir='ltr'>dorso</span> <span class='ocrx_word' id='word_1_95' title='bbox 1109 1345 1275 1375; x_wconf 86' lang='lat' dir='ltr'>exsecta</span> <span class='ocrx_word' id='word_1_96' title='bbox 1298 1343 1472 1388; x_wconf 86' lang='lat' dir='ltr'>quatuor</span> <span class='ocrx_word' id='word_1_97' title='bbox 1494 1332 1578 1370; x_wconf 85' lang='lat' dir='ltr'>fere</span> <span class='ocrx_word' id='word_1_98' title='bbox 1605 1331 1782 1370; x_wconf 88' lang='lat' dir='ltr'>dodran-</span> 
     </span>
     <span class='ocr_line' id='line_1_15' title="bbox 107 1403 1783 1466; baseline -0.005 -14"><span class='ocrx_word' id='word_1_99' title='bbox 107 1423 197 1452; x_wconf 86' lang='lat' dir='ltr'>tum</span> <span class='ocrx_word' id='word_1_100' title='bbox 226 1411 493 1452; x_wconf 80' lang='lat' dir='ltr'>latitudinem</span> <span class='ocrx_word' id='word_1_101' title='bbox 521 1423 563 1452; x_wconf 88' lang='lat' dir='ltr'>et</span> <span class='ocrx_word' id='word_1_102' title='bbox 592 1427 663 1452; x_wconf 83' lang='lat' dir='ltr'>sex</span> <span class='ocrx_word' id='word_1_103' title='bbox 695 1413 746 1452; x_wconf 86' lang='lat' dir='ltr'>ad</span> <span class='ocrx_word' id='word_1_104' title='bbox 776 1422 935 1466; x_wconf 83' lang='lat' dir='ltr'>septem</span> <span class='ocrx_word' id='word_1_105' title='bbox 965 1411 1212 1451; x_wconf 81' lang='lat' dir='ltr'>dodrantum</span> <span class='ocrx_word' id='word_1_106' title='bbox 1248 1406 1556 1463; x_wconf 79' lang='lat' dir='ltr'>longitudinem</span> <span class='ocrx_word' id='word_1_107' title='bbox 1586 1403 1783 1444; x_wconf 84' lang='lat' dir='ltr'>habebat.</span> 
     </span>
     <span class='ocr_line' id='line_1_16' title="bbox 109 1478 1782 1535; baseline -0.006 -8"><span class='ocrx_word' id='word_1_108' title='bbox 109 1488 232 1527; x_wconf 88' lang='lat' dir='ltr'>Color</span> <span class='ocrx_word' id='word_1_109' title='bbox 259 1486 386 1526; x_wconf 82' lang='lat' dir='ltr'>totius</span> <span class='ocrx_word' id='word_1_110' title='bbox 414 1488 641 1535; x_wconf 85' lang='lat' dir='ltr'>brunneus,</span> <span class='ocrx_word' id='word_1_111' title='bbox 685 1501 755 1526; x_wconf 86' lang='lat' dir='ltr'>seu</span> <span class='ocrx_word' id='word_1_112' title='bbox 785 1488 938 1535; x_wconf 82' lang='lat' dir='ltr'>fuscus,</span> <span class='ocrx_word' id='word_1_113' title='bbox 970 1501 1067 1526; x_wconf 89' lang='lat' dir='ltr'>cum</span> <span class='ocrx_word' id='word_1_114' title='bbox 1094 1484 1270 1525; x_wconf 89' lang='lat' dir='ltr'>brunnei</span> <span class='ocrx_word' id='word_1_115' title='bbox 1306 1482 1504 1529; x_wconf 81' lang='lat' dir='ltr'>tinctura,</span> <span class='ocrx_word' id='word_1_116' title='bbox 1549 1478 1782 1519; x_wconf 84' lang='lat' dir='ltr'>uniformis.</span> 
     </span>
     <span class='ocr_line' id='line_1_17' title="bbox 109 1555 1783 1614; baseline -0.004 -14"><span class='ocrx_word' id='word_1_117' title='bbox 109 1562 189 1602; x_wconf 74' lang='lat' dir='ltr'>Pili</span> <span class='ocrx_word' id='word_1_118' title='bbox 216 1561 382 1609; x_wconf 89' lang='lat' dir='ltr'>breves,</span> <span class='ocrx_word' id='word_1_119' title='bbox 414 1560 634 1614; x_wconf 81' lang='lat' dir='ltr'>laevigati,</span> <span class='ocrx_word' id='word_1_120' title='bbox 666 1560 793 1614; x_wconf 78' lang='lat' dir='ltr'>rigidi</span> <span class='ocrx_word' id='word_1_121' title='bbox 822 1571 867 1599; x_wconf 84' lang='lat' dir='ltr'>ut</span> <span class='ocrx_word' id='word_1_122' title='bbox 895 1561 939 1600; x_wconf 88' lang='lat' dir='ltr'>in</span> <span class='ocrx_word' id='word_1_123' title='bbox 969 1559 1045 1600; x_wconf 85' lang='lat' dir='ltr'>Ph.</span> <span class='ocrx_word' id='word_1_124' title='bbox 1076 1559 1236 1599; x_wconf 87' lang='lat' dir='ltr'>canina.</span> <span class='ocrx_word' id='word_1_125' title='bbox 1306 1558 1440 1609; x_wconf 81' lang='lat' dir='ltr'>Insula</span> <span class='ocrx_word' id='word_1_126' title='bbox 1467 1556 1551 1594; x_wconf 87' lang='lat' dir='ltr'>lata</span> <span class='ocrx_word' id='word_1_127' title='bbox 1581 1555 1695 1599; x_wconf 87' lang='lat' dir='ltr'>alba,</span> <span class='ocrx_word' id='word_1_128' title='bbox 1737 1563 1783 1593; x_wconf 83' lang='lat' dir='ltr'>ut</span> 
     </span>
     <span class='ocr_line' id='line_1_18' title="bbox 110 1628 1780 1687; baseline -0.007 -11"><span class='ocrx_word' id='word_1_129' title='bbox 110 1640 286 1676; x_wconf 83' lang='lat' dir='ltr'>amiciss.</span> <span class='ocrx_word' id='word_1_130' title='bbox 350 1635 573 1674; x_wconf 77' lang='lat' dir='ltr'>Pennant</span> <span class='ocrx_word' id='word_1_131' title='bbox 603 1633 851 1682; x_wconf 82' lang='lat' dir='ltr'>delineavit,</span> <span class='ocrx_word' id='word_1_132' title='bbox 884 1633 1020 1674; x_wconf 86' lang='lat' dir='ltr'>antice</span> <span class='ocrx_word' id='word_1_133' title='bbox 1049 1634 1198 1687; x_wconf 79' lang='lat' dir='ltr'>angulo</span> <span class='ocrx_word' id='word_1_134' title='bbox 1225 1645 1363 1671; x_wconf 85' lang='lat' dir='ltr'>versus</span> <span class='ocrx_word' id='word_1_135' title='bbox 1386 1628 1593 1669; x_wconf 90' lang='lat' dir='ltr'>cervicem</span> <span class='ocrx_word' id='word_1_136' title='bbox 1615 1633 1780 1675; x_wconf 78' lang='lat' dir='ltr'>coeuns,</span> 
     </span>
     <span class='ocr_line' id='line_1_19' title="bbox 110 1705 1782 1764; baseline -0.006 -15"><span class='ocrx_word' id='word_1_137' title='bbox 110 1724 184 1764; x_wconf 90' lang='lat' dir='ltr'>per</span> <span class='ocrx_word' id='word_1_138' title='bbox 214 1710 343 1748; x_wconf 85' lang='lat' dir='ltr'>latera</span> <span class='ocrx_word' id='word_1_139' title='bbox 372 1707 596 1747; x_wconf 84' lang='lat' dir='ltr'>introrsum</span> <span class='ocrx_word' id='word_1_140' title='bbox 629 1719 809 1757; x_wconf 80' lang='lat' dir='ltr'>arcuata,</span> <span class='ocrx_word' id='word_1_141' title='bbox 853 1708 1013 1763; x_wconf 89' lang='lat' dir='ltr'>postice</span> <span class='ocrx_word' id='word_1_142' title='bbox 1055 1719 1284 1747; x_wconf 84' lang='lat' dir='ltr'>transversa</span> <span class='ocrx_word' id='word_1_143' title='bbox 1324 1705 1440 1744; x_wconf 85' lang='lat' dir='ltr'>trabe</span> <span class='ocrx_word' id='word_1_144' title='bbox 1470 1716 1677 1749; x_wconf 87' lang='lat' dir='ltr'>connexa,</span> <span class='ocrx_word' id='word_1_145' title='bbox 1720 1711 1782 1740; x_wconf 88' lang='lat' dir='ltr'>to-</span> 
     </span>
     <span class='ocr_line' id='line_1_20' title="bbox 108 1773 1784 1838; baseline -0.006 -15"><span class='ocrx_word' id='word_1_146' title='bbox 108 1795 196 1823; x_wconf 81' lang='lat' dir='ltr'>tum</span> <span class='ocrx_word' id='word_1_147' title='bbox 227 1782 336 1823; x_wconf 79' lang='lat' dir='ltr'>dorsi</span> <span class='ocrx_word' id='word_1_148' title='bbox 368 1783 529 1822; x_wconf 82' lang='lat' dir='ltr'>discum</span> <span class='ocrx_word' id='word_1_149' title='bbox 558 1781 748 1822; x_wconf 85' lang='lat' dir='ltr'>includit.</span> <span class='ocrx_word' id='word_1_150' title='bbox 779 1807 831 1814; x_wconf 81' lang='lat'>—-</span> <span class='ocrx_word' id='word_1_151' title='bbox 863 1783 1117 1838; x_wconf 88' lang='lat' dir='ltr'>Optandum,</span> <span class='ocrx_word' id='word_1_152' title='bbox 1168 1792 1214 1821; x_wconf 92' lang='lat' dir='ltr'>ut</span> <span class='ocrx_word' id='word_1_153' title='bbox 1241 1779 1346 1820; x_wconf 81' lang='lat' dir='ltr'>haec</span> <span class='ocrx_word' id='word_1_154' title='bbox 1376 1775 1594 1831; x_wconf 83' lang='lat' dir='ltr'>singularis</span> <span class='ocrx_word' id='word_1_155' title='bbox 1623 1773 1784 1829; x_wconf 75' lang='lat' dir='ltr'>species</span> 
     </span>
    </p>
   </div>
   <div class='ocr_carea' id='block_1_9' title="bbox 111 1857 700 1912">
    <p class='ocr_par' dir='ltr' id='par_1_9' title="bbox 111 1857 700 1912">
     <span class='ocr_line' id='line_1_21' title="bbox 111 1857 700 1912; baseline 0 -15"><span class='ocrx_word' id='word_1_156' title='bbox 111 1858 334 1912; x_wconf 84' lang='lat' dir='ltr'>perfectius</span> <span class='ocrx_word' id='word_1_157' title='bbox 364 1857 597 1898; x_wconf 87' lang='lat' dir='ltr'>innotescat</span> <span class='ocrx_word' id='word_1_158' title='bbox 627 1860 700 1909; x_wconf 57' lang='grc' dir='ltr'>(Ὅ.</span> 
     </span>
    </p>
   </div>
   <div class='ocr_carea' id='block_1_10' title="bbox 184 2016 1784 2421">
    <p class='ocr_par' dir='ltr' id='par_1_10' title="bbox 184 2016 1784 2421">
     <span class='ocr_line' id='line_1_22' title="bbox 184 2016 1780 2068; baseline -0.005 -14"><span class='ocrx_word' id='word_1_159' title='bbox 184 2020 239 2063; x_wconf 84' lang='grc'>(*)</span> <span class='ocrx_word' id='word_1_160' title='bbox 269 2023 410 2063; x_wconf 86' lang='lat' dir='ltr'>Species</span> <span class='ocrx_word' id='word_1_161' title='bbox 437 2023 633 2055; x_wconf 86' lang='lat' dir='ltr'>Phocarum</span> <span class='ocrx_word' id='word_1_162' title='bbox 661 2024 845 2068; x_wconf 79' lang='lat' dir='ltr'>hucusque</span> <span class='ocrx_word' id='word_1_163' title='bbox 872 2023 1083 2066; x_wconf 76' lang='lat' dir='ltr'>imperfecte</span> <span class='ocrx_word' id='word_1_164' title='bbox 1109 2024 1274 2064; x_wconf 76' lang='lat' dir='ltr'>cognitae</span> <span class='ocrx_word' id='word_1_165' title='bbox 1300 2023 1338 2052; x_wconf 79' lang='lat' dir='ltr'>et</span> <span class='ocrx_word' id='word_1_166' title='bbox 1364 2030 1469 2062; x_wconf 81' lang='lat' dir='ltr'>aegre</span> <span class='ocrx_word' id='word_1_167' title='bbox 1497 2016 1780 2059; x_wconf 82' lang='lat' dir='ltr'>distinguendae,</span> 
     </span>
     <span class='ocr_line' id='line_1_23' title="bbox 265 2076 1781 2125; baseline -0.005 -12"><span class='ocrx_word' id='word_1_168' title='bbox 265 2083 300 2112; x_wconf 85' lang='lat' dir='ltr'>in</span> <span class='ocrx_word' id='word_1_169' title='bbox 325 2086 426 2114; x_wconf 85' lang='lat' dir='ltr'>tanto</span> <span class='ocrx_word' id='word_1_170' title='bbox 455 2094 576 2115; x_wconf 85' lang='lat' dir='ltr'>earum</span> <span class='ocrx_word' id='word_1_171' title='bbox 602 2095 749 2115; x_wconf 89' lang='lat' dir='ltr'>numero</span> <span class='ocrx_word' id='word_1_172' title='bbox 777 2085 944 2116; x_wconf 84' lang='lat' dir='ltr'>solertius</span> <span class='ocrx_word' id='word_1_173' title='bbox 972 2084 1243 2125; x_wconf 81' lang='lat' dir='ltr'>dignoscentur,</span> <span class='ocrx_word' id='word_1_174' title='bbox 1286 2084 1314 2112; x_wconf 86' lang='lat' dir='ltr'>si</span> <span class='ocrx_word' id='word_1_175' title='bbox 1341 2080 1612 2116; x_wconf 79' lang='lat' dir='ltr'>observatores,</span> <span class='ocrx_word' id='word_1_176' title='bbox 1653 2076 1781 2117; x_wconf 82' lang='lat' dir='ltr'>quibus</span> 
     </span>
     <span class='ocr_line' id='line_1_24' title="bbox 266 2135 1781 2184; baseline -0.003 -13"><span class='ocrx_word' id='word_1_177' title='bbox 266 2140 388 2172; x_wconf 78' lang='lat' dir='ltr'>oblata</span> <span class='ocrx_word' id='word_1_178' title='bbox 415 2146 519 2173; x_wconf 84' lang='lat' dir='ltr'>erunt</span> <span class='ocrx_word' id='word_1_179' title='bbox 547 2145 757 2184; x_wconf 83' lang='lat' dir='ltr'>specimina,</span> <span class='ocrx_word' id='word_1_180' title='bbox 786 2144 1044 2184; x_wconf 81' lang='lat' dir='ltr'>descriptiones</span> <span class='ocrx_word' id='word_1_181' title='bbox 1072 2141 1118 2171; x_wconf 84' lang='lat' dir='ltr'>ad</span> <span class='ocrx_word' id='word_1_182' title='bbox 1144 2139 1350 2181; x_wconf 84' lang='lat' dir='ltr'>exemplum</span> <span class='ocrx_word' id='word_1_183' title='bbox 1378 2135 1445 2170; x_wconf 78' lang='lat' dir='ltr'><em>Cel.</em></span> <span class='ocrx_word' id='word_1_184' title='bbox 1469 2137 1669 2170; x_wconf 71' lang='lat' dir='ltr'>Hermann</span> <span class='ocrx_word' id='word_1_185' title='bbox 1697 2145 1781 2167; x_wconf 88' lang='lat' dir='ltr'>con-</span> 
     </span>
     <span class='ocr_line' id='line_1_25' title="bbox 265 2197 1781 2243; baseline -0.004 -12"><span class='ocrx_word' id='word_1_186' title='bbox 265 2201 506 2240; x_wconf 86' lang='lat' dir='ltr'>cinnaverint,</span> <span class='ocrx_word' id='word_1_187' title='bbox 535 2204 745 2242; x_wconf 84' lang='lat' dir='ltr'>praesertim</span> <span class='ocrx_word' id='word_1_188' title='bbox 773 2201 894 2243; x_wconf 85' lang='lat' dir='ltr'>quoad</span> <span class='ocrx_word' id='word_1_189' title='bbox 921 2201 1063 2239; x_wconf 86' lang='lat' dir='ltr'>dentes,</span> <span class='ocrx_word' id='word_1_190' title='bbox 1091 2199 1240 2230; x_wconf 86' lang='lat' dir='ltr'>formam</span> <span class='ocrx_word' id='word_1_191' title='bbox 1268 2199 1418 2240; x_wconf 77' lang='lat' dir='ltr'>capitis,</span> <span class='ocrx_word' id='word_1_192' title='bbox 1446 2197 1576 2240; x_wconf 91' lang='lat' dir='ltr'>pedum</span> <span class='ocrx_word' id='word_1_193' title='bbox 1596 2198 1781 2237; x_wconf 87' lang='lat' dir='ltr'>unguium-</span> 
     </span>
     <span class='ocr_line' id='line_1_26' title="bbox 268 2254 1780 2302; baseline -0.003 -13"><span class='ocrx_word' id='word_1_194' title='bbox 268 2269 336 2301; x_wconf 90' lang='lat' dir='ltr'>que</span> <span class='ocrx_word' id='word_1_195' title='bbox 364 2263 581 2291; x_wconf 83' lang='lat' dir='ltr'>structuram</span> <span class='ocrx_word' id='word_1_196' title='bbox 608 2263 645 2291; x_wconf 85' lang='lat' dir='ltr'>et</span> <span class='ocrx_word' id='word_1_197' title='bbox 671 2263 961 2302; x_wconf 83' lang='lat' dir='ltr'>proportionem,</span> <span class='ocrx_word' id='word_1_198' title='bbox 990 2262 1027 2291; x_wconf 86' lang='lat' dir='ltr'>et</span> <span class='ocrx_word' id='word_1_199' title='bbox 1053 2260 1214 2300; x_wconf 87' lang='lat' dir='ltr'>corporis</span> <span class='ocrx_word' id='word_1_200' title='bbox 1242 2259 1628 2300; x_wconf 85' lang='lat' dir='ltr'>circumscriptionem,</span> <span class='ocrx_word' id='word_1_201' title='bbox 1670 2254 1780 2286; x_wconf 73' lang='lat' dir='ltr'>velle«</span> 
     </span>
     <span class='ocr_line' id='line_1_27' title="bbox 267 2314 1784 2360; baseline -0.001 -12"><span class='ocrx_word' id='word_1_202' title='bbox 267 2321 387 2360; x_wconf 82' lang='lat' dir='ltr'>risque</span> <span class='ocrx_word' id='word_1_203' title='bbox 415 2323 579 2350; x_wconf 86' lang='lat' dir='ltr'>naturam</span> <span class='ocrx_word' id='word_1_204' title='bbox 605 2323 762 2351; x_wconf 81' lang='lat' dir='ltr'>exactas.</span> <span class='ocrx_word' id='word_1_205' title='bbox 829 2319 964 2352; x_wconf 81' lang='lat' dir='ltr'>Multae</span> <span class='ocrx_word' id='word_1_206' title='bbox 1005 2321 1098 2351; x_wconf 85' lang='lat' dir='ltr'>enim</span> <span class='ocrx_word' id='word_1_207' title='bbox 1124 2319 1276 2349; x_wconf 80' lang='lat' dir='ltr'>minimis</span> <span class='ocrx_word' id='word_1_208' title='bbox 1305 2316 1573 2350; x_wconf 77' lang='lat' dir='ltr'>characteribus</span> <span class='ocrx_word' id='word_1_209' title='bbox 1612 2314 1784 2347; x_wconf 80' lang='lat' dir='ltr'>differunt</span> 
     </span>
     <span class='ocr_line' id='line_1_28' title="bbox 265 2379 847 2421; baseline 0.003 -11"><span class='ocrx_word' id='word_1_210' title='bbox 265 2380 302 2410; x_wconf 83' lang='lat' dir='ltr'>et</span> <span class='ocrx_word' id='word_1_211' title='bbox 328 2387 432 2420; x_wconf 78' lang='lat' dir='ltr'>aegre</span> <span class='ocrx_word' id='word_1_212' title='bbox 461 2382 543 2411; x_wconf 87' lang='lat' dir='ltr'>sunt</span> <span class='ocrx_word' id='word_1_213' title='bbox 569 2379 847 2421; x_wconf 57' lang='lat' dir='ltr'>distinguendae.</span> 
     </span>
    </p>
   </div>
  </div>
 </body>
</html>
