2196 2927
454 198 542 244 286
1215 207 1359 229 —···=-

589 307 721 347 Nota
750 325 781 347 1.
824 307 1005 347 Umbrae
1035 305 1173 346 colore
1203 305 1313 344 fusca
1336 314 1397 343 est
1426 303 1554 352 orca,
1585 304 1724 344 subtus
1755 304 1860 345 alba.
1918 307 2028 347 Pone
2058 321 2122 348 ca<

456 394 531 440 put
558 382 751 438 utrinque
782 386 943 422 macula
972 381 1154 421 lateralis
1184 381 1300 429 alba,
1346 379 1540 433 oblonga.
1612 381 1739 419 Ρῐηηα
1776 381 1948 421 dorsalis
1977 382 2123 423 altissi-

458 474 543 507 ma,
587 459 689 507 lata,
736 468 957 497 retrorsum
985 456 1210 496 subfalcata
1254 466 1296 494 et
1340 465 1476 504 acuta,
1522 470 1642 510 saepe
1673 471 1792 510 supra
1822 471 1944 511 aquas
1971 457 2122 511 promi-

457 548 569 574 nens.
628 535 805 572 Dorsum
834 548 856 572 a
885 531 1021 572 nucha
1051 545 1185 570 versus
1215 530 1386 585 pinnam
1417 531 1684 570 adscendens.

590 609 722 648 Nota
754 625 789 648 2.
852 608 1100 653 Tilesius‚
1130 605 1202 660 qui
1231 605 1466 659 nuperrime
1496 605 1539 644 in
1571 605 1842 660 expeditione
1866 608 2121 646 Krusenster·

452 684 575 724 niana
604 684 731 724 Oreas
762 697 995 722 numerosas
1025 681 1069 720 in
1098 680 1201 720 mari
1232 679 1464 720 Ochotensi
1500 691 1609 720 turm
1637 681 1715 720 tim
1759 692 1801 721 et
1830 680 1945 736 quasi
1976 681 2122 721 ordine

452 757 625 800 militari
654 768 840 797 natantes
870 755 1125 801 observavit,
1171 755 1355 794 tabulam
1384 755 1560 808 qimam,
1609 771 1712 811 quae
1752 771 1941 796 orcarum
1979 755 2121 810 pinnis

452 833 680 874 dorsalibus
711 830 1000 871 ensiformibus
1029 829 1146 885 quasi
1176 829 1242 868 vel
1281 829 1518 869 subfalcatis
1580 831 1746 871 eundis
1788 830 2121 886 prominentibus

451 908 680 948 natantium
711 906 899 955 ordinem
928 917 973 945 et
1002 905 1200 944 intuitum
1230 903 1352 942 simul
1390 919 1483 943 cum
1513 904 1742 959 phocarum
1773 907 1823 946 ab
1853 905 1905 945 iis
1934 920 2118 961 persecu-

452 994 585 1023 tarum
615 982 785 1022 saltibus
814 991 1116 1036 repraesentat,
1154 977 1370 1018 nobiscum
1399 981 1739 1034 communicabit.

755 1172 1808 1225 XXX1V.PHYSETERES.

585 1333 944 1386 Quemadmodum
975 1331 1359 1388 'Phalaenographia
1384 1344 1616 1373 nostrorum
1640 1333 1813 1373 marium
1844 1331 1980 1372 adhuc
2009 1332 2121 1371 incu-

451 1407 514 1447 nis
543 1418 623 1456 est,
671 1407 728 1447 ita
758 1406 997 1462 praesertim
1028 1407 1300 1462 Thyseterum
1344 1408 1501 1462 species
1532 1408 1666 1448 adhuc
1699 1410 1895 1448 obscurae
1939 1418 2122 1453 manent,

450 1482 638 1537 quamvis
668 1482 826 1537 plures,
870 1483 954 1522 imo
984 1484 1088 1523 forte
1120 1483 1301 1537 ignota5‚
1345 1483 1387 1522 in
1420 1484 1590 1523 Oeeano
1621 1483 1818 1523 orientali
1848 1482 1936 1522 dari
1965 1498 1987 1522 e
2018 1483 2119 1521 rela-

450 1557 634 1597 tionibus
677 1557 856 1612 suspicio
899 1558 964 1598 sit.
1037 1559 1117 1598 Sed
1159 1574 1284 1612 quum
1323 1558 1422 1597 raris
1452 1558 1610 1597 casibus
1641 1558 1684 1597 in
1715 1558 1855 1598 littora
1886 1557 2118 1608 ejiciantur,

448 1633 591 1688 ibique
623 1634 673 1673 ab
703 1633 853 1673 incolis
881 1644 922 1672 et
953 1633 1048 1672 feris
1086 1634 1174 1673 sine
1217 1649 1332 1673 mora
1377 1633 1558 1673 disrindi
1604 1645 1643 1672 et
1689 1632 1905 1672 dilacerari
1948 1632 2119 1681 soleant,

444 1723 582 1762 neque
611 1710 850 1754 Stellero,
895 1708 1171 1748 attentissimo
1202 1710 1253 1748 ad
1283 1708 1421 1748 omnia
1452 1708 1729 1753 observatori,
1773 1723 1906 1761 neque
1949 1706 2115 1761 nuperis

449 1781 493 1821 in
523 1781 794 1835 expeditione
825 1782 1098 1836 Billingsiana
1129 1782 1262 1821 missis
1301 1780 1633 1821 observatoribus
1677 1782 1853 1836 contigit
1880 1783 2016 1837 plures
2046 1781 2119 1822 ho-

448 1870 537 1894 rum
560 1866 822 1896 cetaceorum
845 1855 1004 1910 species
1025 1856 1263 1895 examinare
1291 1868 1331 1894 et
1353 1855 1600 1895 describere.
1658 1859 1823 1895 Praeter
1838 1857 2004 1897 unicam
2021 1871 2119 1897 vero

449 1928 684 1983 thseteris
703 1930 905 1984 speciem,
934 1931 988 1970 de
1003 1946 1082 1985 qua
1098 1942 1212 1971 certo
1228 1942 1408 1979 constat,
1440 1931 1490 1970 de
1506 1930 1636 1970 tribus
1662 1930 1796 1971 adhuc
1813 1947 1834 1970 e
1850 1932 2120 1973 relationibus

452 2002 732 2045 insulanorum
750 2006 901 2044 famam
918 2005 1082 2060 accepi,
1114 2021 1212 2060 quas
1227 2005 1465 2046 nominibus
1479 2007 1608 2060 probe
1626 2005 1904 2060 distinguunt:

589 2112 662 2141 1³¹¹.
694 2106 844 2156 species
872 2101 1080 2156 Canagice
1110 2103 1415 2156 Aggadachgih
1456 2102 1684 2157 appellata,
1726 2101 1880 2143 dicitur
1915 2102 1958 2143 in
1989 2102 2116 2157 longi-

448 2175 634 2215 tudinem
668 2176 909 2231 quindecim
940 2191 1157 2231 orgyarum
1188 2191 1447 2224 excrescere3
1491 2179 1640 2217 Dentes
1680 2177 1745 2217 illi
1788 2177 1831 2216 in
1872 2192 1941 2218 ore
1980 2177 2114 2217 antice

453 2265 571 2305 supra
601 2266 694 2301 sex,
738 2251 843 2291 infra
881 2262 963 2291 tres
1001 2251 1185 2292 eminere
1213 2251 1257 2291 in
1288 2253 1574 2293 dodrantalem
1604 2252 1930 2306 long÷tudinem,
1974 2253 2115 2291 latera-

453 2323 513 2362 les
543 2326 683 2365 adesse
711 2326 862 2380 plures.
921 2327 1026 2367 Ossa
1056 2326 1304 2367 solidissima
1335 2329 1385 2367 ad
1415 2327 1574 2381 tuguria
1606 2339 1645 2366 et
1677 2328 1778 2366 alios
1814 2342 1905 2366 usus
1941 2340 2114 2365 oecono-

451 2397 580 2437 micos
615 2400 786 2453 optima.
855 2402 941 2442 *Sed
984 2416 1124 2443 carnes
1164 2412 1209 2442 et
1246 2402 1458 2458 pinguedo
1493 2402 1659 2443 nonnisi
1687 2417 1842 2441 summa
1869 2399 2042 2455 penuria
2070 2399 2115 2440 in
