2196 2927
913 187 1056 209 -“-“.-.--.-
1729 190 1806 217 101

142 277 271 326 ricam
301 287 419 338 sitas,
448 286 781 343 frequentissima
810 285 1019 340 quondam
1047 298 1175 337 usque
1204 284 1249 324 in
1278 286 1486 326 celebrem
1508 284 1695 342 Beringii
1718 301 1812 326 nau-

139 359 269 415 fragio
302 361 501 413 insulam,
533 364 605 402 sed
635 363 686 401 ab
716 359 934 401 hominum
964 357 1179 398 venationi
1201 362 1286 412 ejus
1310 360 1565 402 inhiantium
1580 361 1813 417 frequentia

140 436 270 490 magis
298 437 509 492 magisque
533 435 695 490 refugit.
748 434 871 475 Circa
885 431 1151 473 Unalaschka
1166 431 1294 473 hodie
1318 450 1400 475 non
1425 438 1681 485 observatur,
1712 435 1815 477 licet

143 510 484 565 circumjacentes
513 510 666 550 insulas
694 510 941 564 frequentet.
1008 508 1115 549 Cum
1142 507 1329 548 fluitante
1360 510 1513 563 glacie,
1557 526 1683 551 verno
1712 522 1814 551 tem-

142 600 243 641 pore
272 587 323 626 ad
354 584 669 627 Camtschatcae
712 584 854 624 littora
884 594 926 623 et
954 582 1107 622 insulas
1138 582 1300 624 Curilas
1330 583 1526 638 adpellit,
1562 587 1644 625 ⁴sed
1684 585 1814 626 conti-

145 671 313 700 nentem
356 675 437 700 non
480 659 730 715 ingreditur,
774 673 909 714 neque
952 672 1090 698 versus
1119 658 1270 698 fretum
1298 657 1485 713 Beringii
1514 670 1556 699 et
1592 674 1703 699 mare
1734 661 1815 714 gla-

145 734 253 775 ciale
284 735 513 775 adscendit.
583 734 692 775 Mari
730 733 957 789 tranquillo
998 732 1044 773 in
1086 734 1290 788 profundo
1333 745 1535 784 versatur,
1580 733 1815 788 conchyliis

141 809 384 865 praesertim
414 809 630 860 victitans,
662 820 909 865 tempestate
938 808 983 848 in
1012 809 1151 848 fucosa
1179 809 1284 848 vada
1313 810 1382 849 vel
1411 809 1539 850 siccas
1561 824 1681 864 rupes
1705 808 1815 849 litto-

142 898 231 924 rum
259 885 532 940 scopulosque
572 885 699 926 cedit.
772 888 819 924 In
855 883 959 924 mari
988 891 1160 933 coeunt,
1205 883 1388 924 foemina
1417 884 1584 939 supina,
1628 898 1816 939 superve-

142 956 283 998 niente
326 974 459 1010 mare‚
512 959 787 1016 dicunturque
829 959 961 1000 tribus
1004 958 1179 999 diversis
1220 958 1317 999 anni
1357 953 1614 1015 temporibus
1655 958 1817 1013 prolem

142 1033 285 1082 edere,
331 1035 535 1089 quaedam
574 1050 693 1085 vere,
738 1035 835 1075 dein
866 1045 1020 1074 aestate
1049 1045 1092 1073 et
1120 1033 1288 1089 hyeme.
1359 1034 1529 1074 Pariunt
1569 1033 1614 1073 in
1659 1032 1814 1073 littore.

143 1106 291 1148 Primis
321 1109 529 1149 mensibus
558 1110 687 1150 catuli
716 1125 836 1164 supra
865 1108 1009 1149 matris
1039 1111 1207 1150 dorsum
1235 1120 1390 1150 natant.
1419 1135 1475 1141 —
1502 1108 1727 1149 Dormiunt
1756 1121 1815 1146 su·

142 1180 266 1236 pinae
296 1181 340 1222 in
369 1194 476 1223 terra
504 1187 687 1237 jacentes
717 1185 785 1223 vel
814 1194 1001 1223 natantes
1033 1183 1078 1222 in
1108 1184 1231 1232 mari,
1262 1183 1412 1238 palmis
1442 1184 1583 1224 oculos
1613 1193 1813 1237 tegentes.

141 1259 300 1296 Natant
329 1256 373 1296 in
403 1259 525 1299 dorso
554 1259 622 1299 vel
652 1259 795 1298 latere.
866 1257 1092 1298 Hominem
1132 1258 1303 1307 timent,
1347 1269 1389 1297 et
1430 1273 1513 1297 non
1542 1268 1636 1297 sunt
1663 1270 1816 1312 pugna-

141 1346 220 1371 ces.
249 1356 305 1364 —-
347 1334 474 1374 Lutra
516 1334 762 1375 brasiliensis
802 1333 926 1389 plane
970 1332 1153 1372 alienum
1195 1349 1218 1374 a
1259 1343 1400 1373 nostro
1442 1331 1597 1372 animal
1641 1342 1683 1372 et
1720 1344 1819 1371 vere

143 1409 278 1447 Lutra.

276 1559 448 1599 Descr.
505 1561 574 1600 Ad
604 1561 956 1614 complementum
993 1560 1278 1599 Stellerianae.
1349 1560 1499 1599 Dentes
1535 1564 1728 1613 primores
1756 1573 1814 1597 ευ-

143 1647 215 1686 pra
244 1646 335 1682 sex,
381 1634 463 1674 duo
493 1633 622 1692 medii
653 1633 824 1683 minuti,
869 1634 1058 1673 laterales
1088 1634 1283 1679 linearem
1327 1634 1473 1673 Canini
1502 1647 1621 1687 supra
1650 1631 1814 1678 remoti,

143 1709 330 1759 majores.
401 1709 512 1760 Infra
554 1712 745 1763 primores
787 1719 961 1762 quatuor
1003 1709 1216 1761 (adeoque
1253 1721 1337 1746 non
1365 1705 1592 1758 Viverrae)
1622 1705 1813 1754 conferti,

141 1795 316 1836 quorum
345 1782 428 1822 duo
457 1782 607 1823 extimi
637 1782 860 1823 anteriores
890 1794 932 1822 et
961 1781 1119 1823 caninis
1149 1781 1293 1821 vicini.
1351 1782 1528 1820 Molares
1557 1779 1710 1834 ubique
1742 1783 1814 1819 IV.

143 1870 264 1909 supra
293 1855 464 1897 intimus
494 1858 717 1907 maximus,
749 1858 915 1913 planus,
956 1857 1195 1904 fossulosus3
1238 1871 1403 1912 sequens
1428 1854 1668 1910 bipartitus,
1714 1854 1817 1893 item

144 1929 443 1984 planiusculus3
473 1938 611 1973 tertius
633 1932 819 1982 conicus,
852 1948 1026 1980 crassus3
1056 1935 1230 1972 anterior
1253 1930 1403 1971 canino
1426 1929 1659 1986 proximus,
1691 1928 1816 1982 paulo

144 2002 338 2054 interior,
384 2007 599 2056 minimus,
653 2006 833 2048 conicus.
910 2010 1146 2061 Inferiorum
1188 2006 1360 2046 intimus
1402 2004 1673 2051 minusculus,
1718 2001 1816 2042 dein

145 2094 336 2132 magnus,
369 2083 490 2121 ambo
519 2081 788 2137 planiusculi,
834 2081 1111 2137 superioribus
1141 2081 1455 2135 respondentes3
1500 2081 1638 2116 tertius
1666 2075 1813 2124 minor,

145 2154 624 2211 convexo-inaequali53
668 2167 710 2195 et
740 2161 865 2196 antici
893 2156 1085 2209 utrinque
1116 2156 1217 2202 duo,
1263 2155 1406 2193 obtuse
1437 2151 1594 2199 conici,
1639 2149 1813 2206 parvuli.

146 2228 310 2268 Palmae
340 2239 383 2268 et
412 2233 574 2284 plantae
604 2229 717 2269 corio
747 2244 900 2278 crasso,
931 2229 1066 2284 piloso
1095 2227 1290 2274 coalitae3
1322 2230 1482 2283 palmae
1505 2227 1644 2265 subtus
1667 2227 1814 2273 nudae,

145 2302 260 2342 corio
290 2304 523 2357 granulato,
568 2304 695 2344 instar
723 2303 935 2358 grossioris
964 2305 1160 2356 Schagrin
1190 2301 1313 2352 dicti,
1359 2301 1495 2342 antice
1526 2299 1813 2355 quadrilobae3

145 2377 237 2417 lobo
267 2378 511 2432 penextimo
541 2383 713 2433 majore,
745 2378 1093 2435 prominentiore,
1124 2393 1243 2433 supra
1272 2376 1605 2432 biunguiculat03
1644 2374 1815 2430 reliquis
