2196 2927
876 198 1028 214 —'''
1728 198 1780 237 81

252 305 330 342 Per
361 314 529 342 omnem
557 298 748 341 Rossiam
777 313 799 338 a
827 297 1041 352 Petropoli
1069 311 1195 352 usque
1226 300 1277 338 ad
1306 298 1524 340 Uralenses
1553 310 1715 340 montes
1745 313 1789 342 et

118 378 291 421 Camam
332 377 504 418 fluvium
545 376 656 416 haud
697 374 957 428 infrequens,
1001 371 1243 427 praesertim
1286 374 1397 415 circa
1433 374 1542 416 rivos
1571 386 1614 415 et
1642 375 1791 416 fluvios

118 453 228 494 ranis
258 464 301 494 et
331 452 478 493 astacis
508 450 781 497 abundanteS,
825 447 975 502 quibus
1003 446 1227 503 praecipue
1256 449 1449 488 vescitur.
1535 453 1664 490 Trans
1693 454 1791 491 Ura-

119 529 233 569 lense
275 532 416 582 jugum
456 540 530 581 per
572 538 739 564 omnem
781 522 979 563 Sibiriam
1020 538 1101 562 una
1131 537 1226 562 cum
1256 522 1403 563 astacis
1432 524 1545 564 nulla
1574 525 1790 580 reperitur.

118 603 333 645 Cuniculis
370 601 551 656 riparum
588 597 820 647 delitescit,
864 609 905 638 et
942 597 1073 653 pelles
1104 613 1126 637 a
1155 598 1454 638 mercatoribus
1490 599 1542 638 ad
1572 599 1689 640 Sinas
1718 601 1791 641 de-

117 688 349 734 portantur,
381 674 493 715 haud
523 689 673 729 magno
701 672 838 729 pretio
863 672 1117 714 aestimatae.
1175 675 1292 727 Quae
1320 673 1364 713 in
1393 675 1697 730 Monographia
1725 690 1794 715 ex-

116 752 255 807 posui,
306 752 559 805 Spicilegior.
602 753 678 790 loc.
721 753 796 790 cit.
855 747 927 789 hic
969 760 1157 804 repetere
1200 750 1450 804 superfluum
1491 748 1614 799 duxi,
1666 761 1713 789 ut
1754 761 1799 790 et

116 827 294 867 iconem.

251 935 292 974 N
301 944 397 975 ota.
456 937 503 973 In
531 933 767 974 borealibus
798 932 914 988 regni
944 932 1204 975 Casaniensis
1228 934 1446 975 Lutreolae
1463 932 1791 988 dicunturquan-

118 1011 254 1064 doque
284 1009 494 1049 observari
524 1009 656 1049 albae.

486 1181 573 1229 24.
639 1174 1021 1215 VIV-ERRA
1085 1175 1424 1216 atet-rima.

252 1295 306 1333 V.
335 1291 512 1348 pedibus
542 1290 865 1348 semipalmatis‚
894 1306 1066 1347 corpore
1098 1291 1312 1341 aterrimo‚
1344 1291 1604 1347 parotidjbus
1633 1291 1770 1332 fuscis.

253 1396 414 1436 Pellem
440 1395 664 1452 peculiaris
694 1394 906 1442 animalis,
949 1396 1060 1450 quod
1102 1394 1148 1434 in
1177 1395 1360 1435 maxime
1392 1394 1663 1435 orientalibus
1693 1395 1798 1436 Sibi·

119 1471 202 1510 riae
232 1482 413 1518 nostrae,
442 1470 552 1510 inter
584 1471 668 1512 Uth
697 1481 739 1510 et
767 1471 898 1511 Amur
921 1470 1091 1519 fluvios,
1122 1470 1167 1510 in
1190 1470 1410 1510 maritimis
1433 1481 1475 1509 et
1498 1469 1608 1510 circa
1636 1470 1799 1521 fluvios,

119 1547 310 1600 frequens
339 1560 426 1585 esse
454 1544 719 1600 perhibetur,
767 1561 841 1600 per
870 1560 1037 1586 omnem
1066 1545 1270 1599 reliquam
1299 1544 1497 1584 Sibiriam
1526 1544 1681 1599 ignoti,
1724 1559 1800 1599 per

119 1619 292 1661 comites
319 1621 481 1674 Iosephi
509 1621 738 1674 Billings
768 1619 933 1674 accepi,
976 1634 1080 1673 quae
1110 1618 1212 1658 licet
1240 1618 1415 1674 pedibus
1445 1620 1610 1668 orbata,
1657 1631 1799 1661 tamen

119 1693 303 1734 crassitie
334 1709 423 1743 sua,
467 1693 557 1749 pilo
580 1705 629 1734 et
654 1695 812 1741 forma,
857 1692 1106 1733 affinitatem
1135 1708 1231 1733 cum
1259 1696 1383 1733 Lutra
1413 1704 1455 1733 et
1483 1695 1677 1734 Lutreola
1707 1709 1800 1749 pro-

119 1769 203 1818 dit,
248 1770 433 1823 adeoque
470 1773 557 1823 jure
595 1770 668 1808 sub
707 1767 789 1808 hoc
826 1783 976 1823 genere
1018 1768 1320 1817 recensebitur,
1366 1769 1500 1809 donec
1543 1768 1799 1810 observatori

119 1843 286 1884 cuidam
316 1843 482 1884 dabitur
510 1844 725 1899 regionem
752 1843 896 1893 istam,
928 1843 1070 1884 multis
1092 1843 1246 1899 ignotis
1269 1844 1524 1899 plantarum,
1556 1842 1799 1885 animalium

120 1929 163 1958 et
191 1918 329 1959 avium
361 1919 599 1975 speciebus,
630 1920 716 1960 imo
745 1921 850 1960 forte
880 1918 1059 1961 metallis
1090 1918 1288 1967 divitem,
1317 1918 1445 1960 adire.

257 2029 427 2069 Descr.
498 2029 742 2083 Magnitudo
785 2027 1036 2068 intermedia
1083 2027 1192 2068 inter
1235 2031 1403 2066 Lutram
1452 2038 1495 2066 et
1545 2025 1796 2067 Lutreolam.

121 2103 348 2155 Longitudo
390 2103 514 2158 pellis
563 2109 642 2154 19²².
675 2106 742 2143 3.
772 2105 926 2144 caudae
969 2103 1057 2142 sine
1099 2103 1188 2157 pilo
1235 2103 1293 2143 5“.
1322 2102 1431 2155 pilus
1460 2116 1707 2156 exsuperans
1745 2103 1797 2142 1²².

125 2185 146 2218 5
180 2178 230 2216 ad
262 2181 330 2217 6'‘'.
362 2178 497 2233 Caput
524 2193 652 2232 usque
682 2180 733 2217 ad
763 2193 879 2218 aures
911 2180 968 2218 2''.
998 2179 1067 2226 4“‘.
1100 2177 1150 2215 ad
1181 2176 1322 2216 oculos
1345 2179 1396 2216 1“.
1415 2178 1483 2216 6'“.
1508 2178 1641 2232 Caput
1656 2177 1795 2225 breve,

124 2252 233 2292 circa
262 2267 405 2292 nasum
434 2252 719 2306 angustissima
748 2267 817 2292 ora
847 2252 1117 2292 cinerascens.
1182 2253 1330 2291 Latera
1353 2250 1500 2306 capitis
1524 2250 1634 2291 inter
1655 2251 1797 2291 oculos

127 2337 169 2366 et
199 2342 313 2366 aures
343 2342 365 2366 e
396 2327 515 2381 nigro
546 2329 842 2369 subrufescunt.
909 2326 1087 2381 Reliqua
1124 2337 1209 2366 tota
1239 2326 1362 2381 pellis
1393 2326 1605 2375 aterrima,
1650 2325 1796 2372 nitida,

126 2413 287 2455 praeter
317 2402 476 2458 aliquot
505 2402 612 2458 pilos
642 2405 883 2460 subgryseos
912 2405 985 2444 sub
1015 2402 1174 2454 axillis,
1221 2414 1262 2443 et
1304 2402 1347 2442 in
1389 2401 1482 2442 sinu
1517 2401 1626 2442 inter
1655 2400 1796 2441 hume-

1405 2496 1445 2517 11
