2196 2927
904 176 1047 200 ²·-
1717 174 1801 214 515

140 277 244 317 timo
285 289 378 318 meo
419 276 568 317 itinere
611 273 851 324 observavi3
894 273 1199 329 neglectissime
1241 271 1359 314 humi
1401 282 1598 321 stratum,
1640 272 1684 314 in
1718 289 1799 329 quo

141 367 217 393 ova
247 362 285 402 4.
316 351 667 398 coerulescentia,
697 352 926 391 lutescente
956 350 1171 390 maculata.
1227 349 1412 390 Juniores
1442 364 1571 390 mares
1595 363 1720 403 usque
1750 351 1802 389 ad

141 439 380 467 autumnum
408 426 604 467 matribus
629 437 721 465 sunt
741 425 922 474 similes,
953 424 1081 478 magis
1111 423 1344 478 lanuginosi
1373 425 1423 463 ad
1446 426 1675 478 Augustum
1690 438 1802 463 men-

141 516 252 549 sem;
282 514 380 542 tunc
412 513 570 541 vestem
601 512 783 549 mutant,
815 499 1047 553 sensimque
1077 498 1312 553 nigrescunt
1340 497 1457 539 novis
1488 497 1638 554 plumis
1660 498 1800 554 nigris,

141 577 325 631 margine
355 575 736 630 gryseo-pallidis,
769 585 937 629 pectore
966 573 1089 627 plane
1119 573 1250 628 nigro.

277 653 446 691 Descr.
512 650 752 702 Dsagm‘tuclo
797 648 948 688 Sturni.
1019 650 1206 688 Rostrum
1244 650 1330 688 sere
1376 651 1588 702 Tanagrae
1632 651 1802 691 crassius

140 725 267 765 etiarn
297 739 420 779 quam
451 725 705 770 Calandrae,
747 723 835 763 basi
879 723 1061 772 luteum,
1109 734 1295 763 extremo
1326 722 1553 769 livescens,
1596 724 1712 778 apice
1743 725 1803 764 ni-

140 814 281 854 grum,
328 814 561 839 convexum
581 827 592 845 ,
633 798 722 837 basi
765 814 883 854 supra
911 814 1028 838 nares
1056 798 1207 853 plumis
1238 797 1398 846 densis,
1442 797 1622 854 pilisque
1653 799 1804 839 teneris

139 889 259 929 supra
289 888 403 913 nares
447 885 489 913 et
531 872 611 912 oris
655 874 823 926 angulos
865 873 1090 928 prostratis.
1163 875 1320 926 Lingua
1363 884 1600 927 angustata,
1642 887 1803 919 cornea,

140 948 259 1003 apice
289 949 491 1003 profunde
522 947 676 994 bifido,
707 947 871 987 laciniis
901 947 1125 988 linearibus
1146 979 1155 996 ,
1188 946 1373 996 corneis,
1404 948 1621 997 truncatis,
1653 959 1804 988 setoso-

142 1023 301 1062 laceris.
320 1049 368 1055 —
397 1024 552 1077 Corpus
579 1022 622 1061 in
653 1023 828 1063 maribus
859 1022 1009 1062 adultis
1039 1021 1276 1061 aterrimum
1294 1055 1301 1067 ‚
1331 1023 1469 1062 subtus
1498 1022 1729 1069 uniforme3
1760 1022 1806 1062 in

140 1096 330 1143 cervice,
360 1098 479 1136 dorso
510 1097 792 1151 uropygioque
823 1095 1027 1151 margines
1057 1096 1294 1136 terminales
1324 1097 1556 1151 plumarum
1586 1097 1705 1143 cani,
1737 1098 1805 1136 vel

138 1170 452 1225 pallido-albi,
497 1170 625 1225 magis
653 1171 840 1211 minusve
873 1172 978 1220 late,
1024 1170 1266 1226 posticeque
1295 1171 1461 1211 semsim
1491 1172 1670 1212 latiores.
1733 1173 1804 1213 Te-

140 1249 280 1285 ctrices
309 1246 462 1284 caudae
494 1256 630 1291 atrae,
673 1244 789 1298 apice
820 1245 1027 1299 angustius
1057 1260 1195 1285 canae.
1263 1245 1688 1298 Hypochondriorum
1717 1247 1805 1301 plu-

140 1334 232 1360 mae
262 1318 393 1359 limbo
423 1320 553 1358 albae.
610 1321 715 1359 Alae
744 1318 787 1358 in
817 1319 1062 1373 quibusdam
1109 1321 1289 1373 (praeter
1318 1320 1434 1359 bases
1465 1322 1585 1360 dorso
1614 1321 1806 1360 concolo-

141 1398 224 1447 res)
266 1405 378 1433 totae
418 1404 554 1441 atrae3
597 1393 686 1432 aliis
717 1398 895 1434 rectrices
925 1393 1052 1433 etiam
1081 1394 1346 1433 secundariae
1377 1405 1550 1435 externo
1580 1394 1711 1435 limbo
1742 1409 1807 1435 ca-

139 1483 242 1518 nae,
274 1479 316 1508 et
343 1467 445 1507 item
473 1473 640 1522 remiges
668 1468 840 1512 intimae
870 1468 1053 1523 margine
1096 1468 1303 1508 exteriore
1334 1480 1375 1508 et
1406 1468 1537 1524 apice.
1607 1472 1807 1511 Rectrices

140 1543 307 1597 nigrae,
340 1543 502 1582 mediae
531 1543 653 1597 paulo
683 1542 915 1590 breviores,
945 1543 1076 1583 limbo
1106 1555 1394 1592 canescentes,
1425 1543 1633 1583 interdum
1662 1559 1805 1584 omnes

141 1617 287 1672 apice,
318 1617 562 1672 mediaeque
592 1617 712 1657 latius
742 1616 870 1657 etiam
900 1617 1085 1672 margine
1110 1618 1240 1658 albae.
1295 1619 1569 1659 Subcauclales
1592 1619 1663 1658 vix
1687 1619 1805 1674 apice

142 1692 274 1732 albae.
340 1693 465 1731 Pedes
495 1692 628 1746 nigri,
668 1691 865 1731 tibiarum
895 1691 1034 1732 loricis
1068 1692 1490 1741 obsoleto-coalitis3
1535 1698 1711 1748 posticas
1739 1710 1806 1734 zm·

137 1771 234 1820 guis
263 1777 420 1815 rectus,
454 1766 585 1821 digito
615 1782 758 1822 parum
790 1765 979 1815 brevior3
1011 1768 1122 1807 tuber
1150 1768 1222 1807 sub
1241 1767 1442 1821 unguibus
1467 1767 1691 1822 singulare,
1721 1768 1806 1823 pla-

140 1856 266 1887 num,
308 1841 533 1880 tuberculis
576 1841 881 1896 grandinosum.
952 1843 1125 1882 Feminis
1166 1853 1208 1881 et
1249 1841 1374 1896 pullis
1411 1853 1585 1882 rostrum
1615 1842 1805 1889 lividum,

141 1914 231 1954 basi
259 1915 507 1960 flavescens,
537 1915 671 1955 minus
698 1917 922 1955 robustum.
989 1919 1156 1970 Ungues
1185 1916 1308 1970 paulo
1338 1915 1547 1956 breviores
1577 1929 1619 1957 et
1647 1917 1806 1956 tenuio-

143 2002 219 2027 res.
292 1989 426 2042 Caput
455 1999 496 2027 et
524 2004 667 2044 corpus
696 2004 814 2043 supra
842 2000 1002 2037 totum,
1045 1990 1281 2029 alaudarum
1319 1991 1404 2029 fere
1441 1991 1604 2039 colore,
1647 1990 1804 2045 pallide

143 2076 359 2117 gryseum,
391 2062 525 2102 lituris
556 2063 697 2110 fuscis3
727 2064 866 2103 subtus
895 2079 917 2102 a
947 2064 1042 2118 gula
1072 2064 1122 2102 acl
1146 2064 1318 2103 caudam
1341 2065 1505 2118 plumae
1531 2065 1659 2113 albae,
1691 2064 1805 2104 disco

145 2139 308 2183 fuscae3
346 2140 448 2190 gula
477 2139 711 2177 flavescens,
778 2140 883 2178 Alae
912 2137 1214 2192 nigrescentes,
1258 2137 1501 2178 rectricibus
1542 2138 1807 2186 secundariis,

145 2211 430 2265 remigumque
458 2212 589 2252 tribus
625 2211 793 2251 extimis
834 2224 876 2252 et
917 2224 1091 2268 quatuor
1140 2211 1406 2252 interioribus
1447 2229 1586 2254 versus
1631 2213 1808 2268 apicem-

147 2287 243 2325 albo
273 2286 533 2340 marginatis3
565 2288 712 2326 Subtus
741 2287 828 2326 alae
857 2287 1286 2342 fuliginoso-nigrae,
1332 2288 1469 2329 antico
1499 2288 1682 2343 margine
1713 2289 1806 2328 albo

147 2360 394 2416 variegatae,
454 2362 619 2403 caudae
649 2362 827 2418 nigrior,
864 2362 1037 2404 rectrice
1067 2362 1223 2404 extima
1252 2379 1378 2419 usque
1410 2366 1460 2405 ad
1490 2363 1689 2414 rhachin,
1719 2378 1809 2419 pro·

1371 2443 1395 2466 ὓ
