2196 2927
915 198 1057 221 Ξ
1729 192 1813 242 267

148 299 221 338 bus
250 295 349 352 ipsis
379 307 506 337 vorat.
564 296 682 337 Ultra
711 298 866 336 Lenam
896 311 977 336 non
1023 296 1154 335 datur.
1227 299 1429 339 Incedunt
1472 299 1693 355 gregatim,
1737 301 1813 340 for-

144 373 317 413 tioribus
349 387 494 426 agmen
525 371 830 417 claudentibus3
874 385 968 410 cum
1006 385 1098 410 urso
1138 382 1179 410 et
1216 371 1314 426 lupo
1344 374 1492 413 acriter
1520 386 1723 430 pugnant,
1769 386 1810 416 et

145 449 393 503 quandoque
427 462 523 502 aper
552 446 673 485 simul
719 461 811 485 cum
842 460 933 484 urso
963 459 1102 484 caesus
1131 444 1356 486 invenitur.
1432 450 1609 489 Porcelli
1639 449 1813 490 cicurati

147 533 380 562 assuescunt
410 521 552 569 facile,
583 532 625 559 et
655 535 748 560 cum
777 519 1016 559 domesticis
1047 532 1256 574 generant.
1318 522 1692 577 Adpropinquante
1722 540 1811 579 par-

144 609 188 637 tu
224 598 378 637 scrofae
422 597 471 634 ab
509 594 617 650 apris
648 606 910 649 segregantur
938 606 979 634 et
1010 594 1129 635 nidos
1165 607 1330 651 parant,
1374 596 1418 635 in
1461 597 1636 650 sylvosis
1679 614 1811 639 ramos

144 684 185 713 et
215 671 361 711 herbas
391 680 679 710 coacervantes
709 681 751 709 et
779 685 849 710 ore
880 681 1174 725 congerentes,
1207 670 1250 710 in
1284 670 1538 710 arundinetis
1570 686 1591 710 e
1619 685 1811 726 congesta

143 759 185 787 et
227 745 480 786 comminuta
523 744 750 792 arundine,
795 746 949 785 elatum
992 756 1032 784 et
1078 745 1235 785 siccum
1278 746 1416 785 locum
1459 746 1684 800 el3gente83
1737 762 1813 787 nec

142 821 276 875 prius,
305 835 428 874 quam
458 819 555 858 satis
586 820 736 860 adultis
766 824 848 874 jam
877 820 1071 875 porcellis
1110 821 1160 859 ad
1190 836 1320 860 mares
1349 822 1523 860 redeunt
1591 835 1642 860 ne
1672 832 1813 861 tenera

141 896 278 950 proles
310 895 358 934 ab
389 893 454 934 his
484 896 718 935 devoretur.
777 896 968 935 Calculos
997 894 1218 935 vesicarios
1252 907 1467 935 venatores
1498 896 1739 950 praesertim
1769 897 1813 936 in

141 969 316 1024 casp-fois
348 970 454 1024 apris
485 970 612 1010 rarius
642 969 880 1018 inveniunt,
911 982 952 1010 et
976 984 1050 1024 pro
1081 985 1230 1024 magno
1253 969 1560 1011 medicamento
1585 972 1809 1021 celebrant,

143 1046 253 1099 quod
285 1059 417 1083 rasum
447 1045 491 1084 in
521 1057 640 1100 potu,
672 1044 917 1100 praesertim
947 1057 1090 1085 contra
1133 1046 1296 1085 morbos
1326 1045 1485 1084 viarum
1513 1045 1677 1093 urinae,
1721 1061 1812 1101 pro-

140 1118 299 1174 pinant.
371 1118 484 1158 Mihi
521 1121 571 1159 ab
604 1119 792 1160 humanis
822 1120 1043 1159 lamellatis
1073 1119 1185 1160 haud
1225 1120 1393 1159 differre
1424 1119 1505 1159 visi
1534 1132 1638 1160 suut.
1696 1120 1811 1160 Dici-

142 1204 209 1232 tur
239 1191 365 1231 etiam
395 1194 575 1233 calculus
606 1194 794 1234 biliarius
824 1193 1034 1234 interdum
1065 1196 1224 1242 adesse,
1273 1194 1344 1248 qui
1375 1193 1511 1234 adhuc
1541 1194 1815 1249 praetiosioru

144 1265 333 1307 habetur.
392 1270 438 1306 In
469 1268 645 1323 Georgia
675 1268 803 1308 etiam
832 1268 876 1308 in
907 1269 1124 1324 praeputio
1155 1270 1402 1323 quandoque
1439 1268 1613 1323 reperiri
1649 1269 1815 1324 conglo-

144 1354 345 1382 meratum
372 1343 602 1390 calculum,
640 1355 841 1384 memorat
872 1344 1253 1384 Gulderzstaedt.

275 1419 421 1457 Nota.
480 1418 615 1457 Multo
645 1421 819 1470 majores
848 1418 935 1472 apri
965 1418 1037 1472 qui
1063 1418 1106 1456 in
1138 1416 1395 1457 arundinetis
1421 1429 1663 1472 pascuntur,
1692 1432 1816 1472 quam

143 1491 355 1545 sylvatici,
404 1503 446 1531 et
474 1493 611 1532 colore
642 1504 735 1531 sunt
765 1492 984 1538 dduriore,
1027 1492 1156 1531 immo
1186 1493 1423 1546 subgryseo.
1494 1495 1527 1530 E
1558 1491 1816 1546 Phanagoria

143 1582 282 1620 aprum
322 1565 450 1605 habui
494 1569 606 1619 cujus
636 1578 757 1621 caput
786 1566 1050 1620 longitudine
1096 1583 1139 1605 21
1173 1565 1348 1620 pollices
1387 1567 1610 1619 aequabat,
1653 1568 1814 1620 pondus

146 1640 253 1693 (sine
283 1640 505 1680 interaneis
535 1648 609 1681 320
636 1641 848 1680 librarum.
908 1644 954 1679 In
980 1640 1233 1680 arundinetis
1254 1640 1446 1679 Tatariae
1471 1640 1666 1680 dicuntur
1688 1641 1815 1681 etiam

144 1715 273 1769 duplo
302 1714 618 1770 ponderosiores
647 1730 875 1756 occurrere.
947 1714 1180 1755 Caucasicis
1223 1725 1375 1753 statura
1417 1715 1548 1753 multo
1595 1715 1730 1755 minor
1773 1727 1815 1756 et

144 1789 187 1829 in
219 1789 399 1829 Dauuria
430 1789 500 1829 vix
532 1804 646 1829 sueni
676 1790 949 1830 domesticum
988 1800 1192 1844 superant.
1261 1788 1439 1828 Porcelli
1469 1804 1660 1843 aprorum
1690 1791 1814 1829 ferru-

144 1863 277 1917 ginei,
310 1865 403 1904 albo
433 1865 631 1919 punctati.
663 1889 708 1895 —-
751 1869 795 1905 In
828 1881 925 1920 apro
954 1866 1090 1905 dentes
1120 1869 1311 1919 primores
1340 1878 1459 1918 supra
1490 1872 1527 1904 6.
1559 1867 1658 1916 (non
1683 1875 1728 1903 ut
1747 1864 1817 1904 ha-

147 1938 218 1977 bet
250 1940 447 1978 Lirznaeus
476 1943 533 1991 4.)
564 1951 1102 1994 pronam—convergentes,
1139 1938 1358 1985 distantes;
1402 1940 1506 1990 infra
1534 1948 1572 1987 4.
1600 1938 1645 1977 in
1676 1938 1817 1978 medio

146 2012 337 2067 parelleli
368 2025 409 2052 et
438 2012 630 2067 utrinque
667 2015 856 2061 obtusus,
899 2013 1233 2059 remotiusculus,
1276 2012 1512 2052 inclinatus.
1584 2012 1817 2052 Domestici

147 2087 190 2127 in
223 2086 368 2127 Russia
399 2089 521 2142 vulgo
549 2088 698 2142 pallidi
728 2090 794 2127 vel
825 2089 941 2128 fusci.
1001 2092 1033 2127 E
1064 2087 1232 2126 Natolia
1268 2086 1311 2125 in
1344 2085 1645 2126 Chersonesum
1675 2086 1816 2126 Tauri-

145 2179 237 2202 cam
270 2162 503 2201 introducta
532 2162 707 2201 varietas
736 2173 821 2201 tota
851 2162 1009 2202 intense
1042 2163 1140 2200 rufa.
1213 2164 1260 2199 In
1303 2159 1454 2200 Sibiria
1497 2176 1585 2200 sues
1624 2161 1817 2200 domesti-

153 2252 225 2277 cae
256 2248 401 2276 trunco
432 2237 551 2275 valde
582 2251 835 2291 compresso,
865 2236 1110 2282 macilento,
1146 2235 1319 2290 pedibus
1349 2235 1530 2291 proceris
1561 2248 1817 2289 generantur.

148 2315 342 2351 Monstra
385 2311 556 2365 fore-ina
598 2311 813 2366 cyclopica
855 2310 1101 2366 proboscide
1145 2310 1337 2360 frontali,
1388 2311 1571 2351 maxillis
1616 2310 1820 2357 refractis,

149 2401 229 2426 non
259 2387 546 2441 infrequentes
577 2387 684 2441 apud
714 2401 786 2426 nos
814 2396 1069 2442 generantur.

1369 2466 1387 2484 it
