2196 2927
1773 179 1836 223 XI

177 319 360 362 murium
400 331 556 376 greges
594 322 829 375 generant,
885 327 998 369 quae
1037 327 1171 370 saepe
1210 312 1437 370 Europam
1475 322 1688 361 nostram,
1734 315 1832 356 bar-

177 407 379 447 barorum
424 406 558 444 instar
604 402 786 443 eandem
833 400 941 440 olim
991 413 1051 440 ex
1098 399 1254 440 eadem
1299 399 1443 454 patria
1499 399 1836 448 inundantium,

177 491 481 531 devastarunt.
613 486 841 542 Aquarum
895 498 1002 525 vero
1057 484 1496 539 vastissimorumque
1552 485 1733 526 lacuum
1787 485 1834 525 in

179 574 444 616 australibus
482 569 510 627 (:
532 573 688 628 quales
727 570 942 617 Maeotis,
998 567 1216 624 Caspius,
1263 568 1497 616 Arahcus,
1550 567 1836 620 Barabenses,

172 658 384 716 *Balcal1)
421 658 578 713 copia,
617 657 811 698 Faunam
850 664 1039 696 nostram
1061 668 1147 695 non
1178 655 1323 696 solum
1361 654 1522 696 avibus
1561 655 1835 710 aquatilibus

178 743 472 789 australibus,
544 742 649 783 mire
688 740 882 796 copiosis
920 749 965 781 61
1001 740 1161 789 variis,
1236 740 1314 781 scd
1352 748 1397 781 et
1433 739 1627 796 piscium
1669 738 1831 796 insigni

177 829 393 869 varietate
433 836 625 886 augent,
662 840 845 883 quorum
887 827 1049 867 multos
1089 825 1198 866 alibi
1235 825 1396 868 frustra
1434 838 1634 878 quaeras·

349 913 535 954 Minime
591 912 786 954 omnium
841 912 991 952 adhuc
1046 918 1151 952 nota
1207 919 1310 952 sunt
1364 911 1547 952 marium
1602 911 1837 952 Rossicum

179 997 418 1054 Imperium
455 997 723 1038 alluentium
762 1004 970 1037 contenta
999 1005 1045 1038 et
1070 996 1116 1037 in
1154 996 1225 1037 1113
1263 997 1404 1038 multa
1441 997 1592 1037 adhue
1631 996 1838 1037 addenda

179 1083 367 1138 posteris
413 1081 772 1123 observatoribus
820 1081 1038 1136 relinquo.
1156 1080 1307 1122 Multa
1355 1090 1503 1122 tamen
1551 1082 1734 1139 egregia
1779 1094 1839 1122 ex

180 1166 568 1208 observationibus
615 1164 846 1206 Stelleri
884 1173 996 1205 terra
1034 1165 1299 1221 pelagogue
1336 1166 1489 1216 jactati
1527 1175 1573 1207 et
1619 1167 1782 1207 adlatis
1814 1180 1840 1207 a

179 1249 383 1292 Merhio
431 1250 774 1306 speciminibus,
837 1263 895 1291 ex
941 1249 1147 1290 orientali
1194 1248 1398 1300 Oceano,
1462 1250 1587 1291 varia
1642 1251 1776 1292 etiam
1813 1264 1838 1291 e

179 1337 287 1378 mari
325 1336 511 1394 glaciali
549 1344 594 1376 et
631 1336 735 1376 albo
774 1334 923 1376 studio
970 1333 1079 1390 Lep
1093 1333 1269 1375 6611ἰηί
1307 1343 1353 1376 61
1388 1335 1576 1377 studiosi
1614 1336 1700 1377 mei
1737 1336 1837 1378 Bas,

179 1419 213 1462 S
223 1434 246 1461 u
252 1420 274 1474 j
285 1414 357 1479 ef,
396 1430 440 1462 et
476 1421 658 1477 pontica
697 1435 722 1461 e
759 1419 938 1476 propria
976 1419 1287 1462 observatione
1325 1420 1630 1462 innotuerunt.

352 1505 451 1548 Non
488 1520 664 1562 possum
703 1520 791 1547 non
828 1505 905 1546 1116
943 1506 1076 1547 etiam
1113 1506 1372 1558 observare,
1413 1506 1618 1548 Sibiriam
1649 1507 1838 1550 maxime

182 1590 443 1632 orientalem
490 1590 535 1630 in
579 1589 870 1634 animalibus,
944 1590 1104 1629 avibus
1143 1598 1189 1628 et
1224 1589 1426 1643 piscibus
1463 1589 1533 1646 (01
1570 1591 1615 1630 111
1651 1593 1839 1650 plantis)

181 1675 323 1715 multa
377 1675 542 1714 habere
598 1686 697 1713 cum
753 1671 960 1712 America
1015 1673 1291 1719 communia,
1346 1673 1402 1713 de
1457 1688 1546 1729 quo
1602 1689 1682 1715 suo
1736 1677 1841 1718 1060

180 1758 339 1801 fusius,
431 1757 640 1799 Notabile
679 1756 812 1798 etiam
850 1753 1179 1798 Chersonesum
1217 1758 1455 1805 tauricam,
1518 1759 1632 1800 licet
1668 1759 1839 1802 felicis-

183 1844 289 1885 simo
327 1844 408 1884 sub
447 1844 574 1884 coelo
612 1843 825 1897 positam,
889 1850 934 1883 et
971 1843 1194 1891 arborum,
1255 1843 1581 1900 herbarumque
1619 1844 1838 1888 varietate

180 1937 502 1985 praestantem,
568 1927 753 1968 Insectis
801 1936 846 1968 et
891 1926 997 1968 item
1042 1928 1201 1969 avibus
1248 1942 1344 1969 esse
1390 1930 1739 1984 pauperrimam,
1795 1942 1840 1974 et

183 2014 419 2068 quotannis
466 2013 581 2062 fere,
661 2021 844 2069 propter
889 2012 1208 2070 intempestiva
1253 2014 1366 2055 forte
1412 2015 1614 2057 vernalia
1658 2016 1837 2074 frigora,

181 2097 491 2153 pauperiorem
529 2095 635 2139 fleri.

354 2182 564 2224 Omnium
601 2184 755 2224 harum
794 2181 1025 2241 regionum
1064 2182 1304 2228 animantia
1341 2183 1494 2229 ordine
1523 2197 1568 2230 et
1596 2191 1834 2247 generibus

182 2266 408 2322 disposui,
446 2281 561 2323 quae
599 2254 709 2308 milii
746 2281 917 2323 semper
955 2267 1148 2313 Naturae
1186 2272 1377 2314 maxime
1415 2283 1712 2317 consentanea
1737 2277 1837 2319 visa

183 2361 308 2403 sunt,
346 2362 391 2395 et
428 2367 613 2411 quorum
650 2353 865 2409 pleraque
904 2354 1249 2410 sapientioribus
1286 2359 1444 2414 prioris
1482 2360 1586 2402 aevi
1624 2359 1836 2421 Zoologis
