2196 2927
905 169 1051 196 ⁵⁸-—
1730 186 1814 225 225

366 281 500 339 Capra
528 281 653 333 Ibex,
686 279 854 324 Gmelin.
884 292 988 336 syst.
1022 282 1106 321 Lin.
1136 282 1168 321 Ι.
1196 297 1237 336 p.
1275 290 1359 335 196.
1390 298 1450 341 sp.
1481 301 1517 325 2.

259 357 401 399 Rossis
426 360 479 399 ad
500 358 708 399 Jeniseam
726 358 808 397 Tek
827 357 897 396 vel
923 357 1010 395 Tzk.
1055 357 1472 411 Mongolo-Buraetis
1499 360 1655 417 Takija.
1684 358 1822 416 Kirgi‹

312 434 366 474 sis
384 435 497 475 Tau·
511 435 657 474 Toeke‘.
713 431 875 471 Tataris
891 430 1122 484 Sajanensis
1144 431 1231 486 jugi
1252 433 1490 473 monticolis
1505 446 1547 474 et
1561 435 1818 477 Udensibus:

310 512 421 558 Mas,
456 509 638 561 Toeghe;
667 506 842 556 femina,
873 507 1061 560 Higmae,
1094 508 1260 545 Hoedus
1276 508 1533 565 Bitschinjae.
1576 509 1817 552 Sinensibus

305 585 535 623 Schan-thi
562 582 591 622 i-
623 597 659 622 e.
690 581 896 622 Montium
924 596 1100 621 scansor.
1159 581 1339 636 Dugoris
1363 583 1549 630 Caucasi,
1578 585 1819 626 Sabaudizr?

277 656 327 699 In
356 656 525 697 summis
555 656 839 697 cacuminibus
869 656 1027 711 alpium
1056 656 1354 711 Sayanensium
1383 658 1646 713 praesertim,
1692 661 1818 701 rarius

143 734 386 774 altai‘carum
417 743 573 772 aestate
603 731 714 773 circa
743 733 859 772 nives
889 744 930 772 et
959 731 1181 772 inaccessis
1219 732 1322 773 locis
1352 733 1554 788 pascitur,
1592 732 1745 789 hyeme
1775 734 1819 775 in

141 807 414 849 clementiora
443 819 484 847 et
514 822 732 848 nemorosa
769 807 1021 863 depellitur,
1064 806 1136 847 ubi
1175 823 1196 846 a
1234 809 1537 863 Sayanensibus
1582 809 1820 850 monticolis

142 878 380 938 frequenter
408 882 615 923 occiditur
642 883 752 924 intra
791 882 959 938 imperii
989 884 1102 921 fines.
1161 886 1288 922 Extra
1318 884 1416 923 fines
1446 883 1490 924 in
1520 884 1688 925 summis
1717 885 1822 940 jugis

140 957 250 998 inter
279 957 523 1012 Songariam
552 969 674 1013 atque
703 957 914 998 Tatariam
945 972 1136 1012 magnam
1166 960 1346 1013 finesque
1377 958 1521 999 Indiae
1547 971 1589 998 et
1610 961 1821 1014 Tybetum

146 1032 236 1073 sitis
267 1034 458 1087 frequens
489 1038 575 1073 esse
606 1032 772 1073 dicitur.
842 1036 931 1073 Imo
975 1031 1084 1073 inter
1126 1047 1270 1087 greges
1314 1032 1504 1088 caprinos
1549 1034 1823 1088 Kirgisiorum

142 1123 225 1147 non
257 1123 346 1148 raro
376 1107 487 1162 capti
516 1107 688 1148 fortuito
718 1107 849 1148 hoedi
877 1107 1132 1158 effurantur,
1177 1120 1219 1149 et
1247 1123 1340 1147 cum
1370 1107 1543 1164 capellis
1581 1109 1822 1151 domesticis

142 1181 369 1237 hybridam
398 1182 559 1237 prolem
587 1193 830 1237 procreant,
860 1182 980 1236 quale
1012 1183 1249 1237 exemplum
1277 1182 1321 1221 in
1343 1182 1516 1237 praedio
1544 1185 1652 1224 Clar.
1683 1186 1823 1225 Petri

142 1257 377 1312 Rytschkof
409 1258 622 1311 quondam
665 1255 753 1296 vidi
793 1267 834 1296 et
871 1255 915 1295 in
944 1258 1134 1311 Spicileg.
1177 1258 1293 1297 Zool.
1316 1259 1424 1309 fasc.
1455 1258 1528 1297 XI.
1570 1275 1610 1313 p.
1644 1265 1708 1299 33.
1734 1262 1822 1316 jam

142 1330 331 1387 exposui.
393 1334 441 1371 In
470 1331 664 1372 Helvetia
694 1346 857 1387 quoque
887 1330 995 1371 hanc
1018 1331 1151 1387 ipsam
1174 1330 1359 1387 speciem
1382 1331 1469 1371 dari
1493 1347 1515 1372 e
1540 1332 1821 1388 descriptione

141 1408 255 1448 Clar.
290 1407 493 1447 Berthoud
521 1418 565 1446 et
592 1406 776 1461 eleganti
807 1410 931 1447 Icone
961 1422 1014 1446 ex
1056 1406 1250 1446 Helvetia
1292 1406 1414 1445 missa
1457 1406 1588 1447 cranii
1630 1407 1822 1450 animalis

139 1479 186 1521 in
217 1481 378 1536 alpibus
409 1481 680 1536 Zugiensibus
711 1481 860 1531 occisi,
891 1481 934 1520 in
965 1483 1105 1521 Museo
1135 1484 1343 1535 quondam
1368 1482 1616 1523 Platteriano
1647 1498 1823 1524 asserva·

143 1555 174 1596 ti
208 1554 305 1595 satis
334 1557 612 1596 confirmatur.
670 1555 850 1595 Videtur
879 1567 1020 1595 tamen
1063 1555 1319 1610 frequentior
1361 1555 1406 1594 in
1448 1557 1719 1597 Helvetorum
1766 1558 1821 1598 al-

146 1630 352 1687 pestribus
382 1646 469 1671 esse
500 1642 542 1671 et
579 1632 652 1671 sub
696 1630 864 1671 nomine
906 1632 1094 1671 Steinboh
1138 1629 1279 1685 (capri
1323 1630 1542 1684 rupestris)
1587 1647 1681 1672 cum
1724 1648 1822 1673 vero

149 1705 263 1746 Ibice
306 1706 508 1746 confundi
550 1708 787 1761 Aegagrus,
833 1721 958 1760 quem
999 1706 1155 1761 primus
1199 1707 1249 1745 ab
1286 1704 1365 1745 isto
1396 1705 1534 1760 specie
1564 1706 1820 1761 distinguere

147 1779 286 1820 docui.
344 1781 469 1821 Addo
499 1786 652 1822 iconem
682 1792 724 1823 et
753 1781 876 1821 simul
906 1781 1229 1821 communicatas
1272 1795 1480 1820 mensuras
1522 1780 1639 1821 istius
1677 1783 1820 1833 cranii,

148 1869 222 1909 pro
253 1856 483 1910 supplenda
512 1855 686 1896 historia
715 1857 839 1897 Ibicis
870 1857 1027 1912 alpium
1056 1855 1316 1896 sibiricarum
1354 1855 1397 1895 in
1429 1854 1666 1910 Spicilegiis
1704 1858 1822 1899 exhi-

147 1928 256 1980 bita,
287 1945 393 1986 quae
423 1946 490 1971 me
521 1932 571 1971 ab
602 1931 797 1971 ulteriore
827 1931 898 1972 hic
929 1947 1116 1972 sermone
1147 1930 1340 1971 exsolvit.
1399 1934 1471 1971 Est
1500 1943 1658 1972 autem:

419 2005 564 2047 Cranii
593 2005 812 2061 longitudo
843 2022 1000 2046 summa
1029 2023 1068 2046 a.
1098 2033 1149 2038 -
1181 2007 1218 2046 b.
1260 2030 1274 2036 -
1315 2030 1328 2036 -
1371 2031 1384 2036 -
1441 2031 1454 2037 -
1519 2009 1577 2057 9⁰.
1616 2007 1672 2057 9'''

421 2079 618 2120 Latitudo
648 2082 834 2134 ejusdem
862 2096 1001 2120 versus
1029 2096 1180 2121 cornua
1208 2097 1245 2120 c.
1275 2105 1320 2111 -
1355 2080 1396 2119 d.
1441 2106 1454 2112 -
1525 2082 1582 2122 5⁰.
1625 2081 1680 2132 9'''

421 2154 657 2208 Longitudo
686 2169 897 2202 cornuum,
929 2156 1071 2195 b.——-e
1075 2179 1364 2194 -----
1421 2157 1469 2196 η’.
1531 2156 1570 2195 1''
1620 2159 1689 2197 6”’,

424 2227 632 2268 Distantia
663 2228 773 2269 inter
802 2241 1001 2270 cornuum
1025 2229 1169 2286 apices
1197 2232 1342 2284 ‹em-f.
1436 2248 1468 2270 ι.
1526 2236 1584 2271 δ”.
1621 2232 1692 2273 6’”.

429 2303 646 2343 Diameter
675 2307 823 2353 maior,
855 2304 1002 2361 b-g,
1085 2330 1102 2338 ·-
1183 2331 1198 2339 -
1289 2331 1303 2338 -
1446 2331 1461 2339 ·
1526 2307 1585 2349 δ”.
1624 2311 1692 2349 6”’.

421 2378 540 2419 idem
573 2378 708 2419 antice
738 2390 989 2421 transversus
1052 2406 1066 2412 -
1148 2407 1162 2415 -
1245 2407 1263 2415 --
1341 2406 1356 2413 -
1523 2387 1582 2433 ns.
1620 2385 1678 2426 6⁹⁰
