2196 2927
441 201 528 248 384
1199 207 1342 229 Ξ

655 309 712 346 Le
741 309 898 356 Freux,
930 320 983 347 ou
1012 308 1250 362 Frayonne,
1294 306 1456 359 Buffon.
1489 320 1572 347 orn.
1603 306 1677 348 ΙΙΙ.
1721 321 1758 362 p.
1791 315 1854 352 55.
1899 310 2112 353 D'aubent.

706 388 809 424 icon.
842 387 918 424 col.
949 399 987 422 η.
1018 389 1111 433 484.

657 460 798 508 Rook,
831 461 1016 499 Latham.
1045 473 1136 512 syn.
1167 460 1199 498 1.
1231 475 1270 515 p.
1302 465 1392 512 372.
1424 475 1462 499 n.
1492 468 1531 510 4.

542 533 713 574 Rossice
730 535 940 575 Graatsclz.
984 534 1239 576 Esthonibus
1254 539 1375 576 Kaer.
1418 534 1580 576 Tataris
1610 535 1932 591 Kar&·KczrgZz;
1963 534 2113 576 Basch-

595 609 697 649 kiris
728 610 935 655 Karabaeii;
966 609 1165 651 Bocharis
1200 613 1459 665 Tschangah.
1518 611 1755 653 Calmuccis
1786 613 2114 653 Chun-Keraeh·

592 685 767 739 Vogulis
797 687 1147 741 Supl-Kuaerch;
1177 688 1417 727 Morduanis
1448 688 1570 728 Kraz.

564 763 612 799 In
643 761 788 800 Rossia
818 771 860 800 et
890 759 1042 800 Sibiria
1073 761 1342 810 cis-obensi‚
1374 773 1417 801 ut
1442 777 1517 816 per
1530 772 1662 802 totam
1677 761 1889 802 Tatariam
1905 777 2111 817 magnam,

432 836 712 890 vulgatissima
758 836 866 885 avis,
910 835 1065 889 hyeme
1107 835 1152 875 in
1191 837 1398 892 tepidiora
1428 836 1553 876 Asiae
1584 839 1803 885 recedens,
1847 853 1943 878 vere
1973 838 2111 893 primo

430 912 596 963 (modio
626 911 796 965 Martii)
842 927 936 952 cum
966 912 1193 951 Monedula
1224 911 1346 951 redit.
1418 915 1633 967 Nusquam
1678 912 1887 968 copiosior
1915 929 2039 968 quam
2067 912 2112 952 in

429 987 601 1028 desertis
632 986 897 1036 australibus,
947 1003 968 1026 a
997 989 1128 1026 Tanai
1159 988 1210 1026 ad
1245 986 1344 1027 [rtin
1375 1002 1516 1042 usque.
1589 987 1654 1027 Ibi
1695 987 1740 1027 in
1786 988 2008 1043 campestri
2051 1003 2111 1028 re-

428 1062 574 1117 gssone,
605 1064 769 1103 defectu
800 1063 962 1117 sylvae,
1009 1063 1172 1101 arbores
1202 1061 1311 1102 circa
1342 1064 1542 1103 fluentum
1572 1062 1680 1119 ripas
1711 1063 1817 1103 nidis
1846 1062 2016 1117 copiose
2046 1077 2111 1103 oc-

426 1149 598 1194 cupant,
643 1154 745 1194 quos
773 1154 795 1178 e
825 1137 1007 1192 virgulto
1049 1148 1197 1178 texunt
1241 1137 1643 1194 haemisphaericos,
1690 1139 1798 1179 libro
1836 1137 2011 1178 salicino
2042 1139 2109 1178 de-

427 1225 592 1268 cerpto,
624 1214 737 1254 villis
768 1213 1035 1261 animalium,
1064 1228 1285 1268 pappoque
1316 1214 1489 1253 salicum
1520 1225 1561 1253 et
1590 1214 1839 1268 populorum
1868 1223 2033 1262 stratos,
2065 1212 2109 1253 in

425 1288 574 1343 quibus
606 1305 683 1328 ova
713 1289 958 1343 plerumque
990 1287 1194 1343 quinque,
1225 1288 1332 1326 laete
1362 1287 1533 1337 viridia,
1575 1289 1961 1343 fusco-pulverata,
2004 1286 2108 1343 sapi—

425 1362 593 1403 dissima
636 1365 820 1418 pondere
862 1379 981 1419 supra
1023 1361 1240 1403 drachmas
1271 1370 1309 1404 5.
1369 1362 1435 1402 Sic
1465 1378 1539 1418 per
1568 1374 1699 1403 totam
1729 1374 1926 1403 aestatem
1970 1377 2109 1418 grega—

424 1437 529 1488 riae,
577 1438 705 1479 etiam
735 1438 845 1478 nidis
875 1438 1027 1493 passim
1057 1436 1173 1492 quasi
1202 1437 1245 1477 in
1275 1452 1401 1493 pagos
1430 1437 1640 1485 collectis,
1685 1437 1846 1478 vivunt.
1921 1439 1990 1478 Ad
2020 1439 2110 1478 Sar-

423 1531 520 1570 pam
547 1515 586 1554 fl.
619 1515 781 1554 deserta
810 1513 931 1553 vallis
962 1525 1022 1553 est
1066 1513 1156 1566 (die
1184 1515 1479 1568 Kraehengruft
1520 1529 1541 1552 a
1583 1513 1800 1553 Germanis
1830 1513 1892 1553 ibi
1923 1514 2111 1567 degenti·

421 1590 496 1630 bus
527 1590 777 1645 appellata),
807 1588 851 1628 in
881 1604 982 1644 qua,
1011 1589 1213 1645 neglectis
1245 1588 1337 1629 aliis
1367 1588 1411 1628 in
1442 1588 1600 1629 vicinia
1630 1588 1736 1644 aptis
1766 1588 1891 1638 locis,
1937 1601 2110 1644 quotan-

421 1664 486 1704 nis
514 1676 629 1705 tanta
659 1664 781 1720 copia
811 1664 1070 1720 congregatis
1100 1664 1336 1714 nidificant,
1382 1675 1426 1704 ut
1455 1666 1569 1704 nulla
1599 1664 1661 1704 ibi
1691 1663 1745 1703 sit
1773 1665 1988 1704 arbuscula
2016 1664 2104 1704 sine

419 1739 607 1794 pluribus
648 1739 776 1787 nidis,
822 1754 844 1779 e
874 1740 1023 1795 quibus
1052 1739 1169 1795 pueri
1200 1755 1277 1779 ova
1309 1739 1508 1793 colligere
1546 1740 1692 1779 solent.
1765 1738 1949 1778 Maxima
1982 1754 2104 1794 porro

421 1814 543 1869 copia
573 1813 722 1855 horum
751 1828 971 1853 corvorum
999 1813 1221 1868 quotannis
1252 1815 1303 1853 ad
1335 1814 1437 1852 Irtin
1468 1816 1563 1853 fluv.
1594 1814 1702 1853 inter
1738 1812 1939 1853 fortalitia
1968 1817 2104 1868 Jamy-

421 1903 618 1928 scevense
646 1900 689 1928 et
719 1887 1139 1943 Septempalatiorum
1181 1890 1564 1944 (Semipalatnaja)‚
1609 1888 1681 1928 ubi
1711 1888 1911 1928 immensa
1942 1889 2104 1942 Gryllo-

420 1978 510 2002 rum
541 1962 803 2018 (praesertim
832 1966 981 2015 italtci)
1012 1963 1132 2018 copia
1163 1963 1360 2018 pullulat,
1393 1964 1681 2011 observantur3
1718 1975 1759 2003 et
1789 1963 1831 2003 in
1865 1963 2016 2019 apricis
2045 1963 2105 2003 in-

419 2050 482 2079 ter
510 2039 577 2080 Ob
609 2049 650 2079 et
682 2036 833 2078 Irtisch
862 2039 958 2078 fluv.
990 2037 1144 2093 ubique
1192 2039 1423 2088 abundant,
1467 2038 1655 2078 ulteriori
1686 2054 1783 2079 vero
1816 2038 1994 2078 Sibiriae
2023 2039 2103 2093 syl-

420 2114 580 2154 vaticae
610 2115 734 2169 plane
764 2115 926 2154 desunt.
992 2117 1102 2154 Vere
1132 2125 1285 2154 nocent
1315 2114 1441 2168 agr?s‚
1487 2115 1558 2154 sed
1590 2125 1742 2153 aestate
1773 2124 1943 2169 prosunt
1973 2114 2098 2166 (unde

418 2191 528 2231 inter
558 2192 707 2230 Rossos
737 2189 931 2230 occidere
962 2191 1113 2242 nefas),
1153 2189 1252 2245 quia
1282 2189 1438 2244 Gryllis
1469 2188 1763 2229 infestissimae
1795 2200 1910 2236 sunt,
1953 2187 2098 2243 quibus

418 2265 536 2313 solis,
579 2277 621 2305 et
649 2264 786 2305 bulbis
816 2264 1061 2321 Tuliparum
1091 2264 1134 2305 in
1167 2266 1329 2305 deserto
1370 2263 1590 2305 artificiose
1620 2276 1751 2306 rostro
1781 2263 1940 2311 effosis,
1981 2259 2097 2301 victi-

420 2350 521 2379 tant.
579 2341 741 2382 Pondus
769 2340 900 2380 librae
931 2341 999 2380 vel
1046 2348 1089 2382 13
1128 2340 1358 2381 unciarum.
1432 2341 1683 2384 Ventriculus
1725 2338 1933 2380 carnosior
1975 2350 2097 2390 quam

423 2415 748 2474 congenexibus,
781 2415 944 2470 durior,
975 2416 1219 2473 frugivorus.
1277 2418 1513 2458 Intestinum
1544 2424 1592 2459 30
1626 2417 1676 2456 ad
1705 2425 1755 2466 40
1785 2411 2001 2468 pollicum.
