2196 2927
387 197 477 240 434
1155 202 1300 215 --·-

546 301 668 354 pikis,
707 298 905 340 Esthonis
935 300 1294 349 Sittaneraehstas,
1338 301 1384 342 it.
1415 301 1660 344 Paelzlabhk.
1716 301 1877 343 Tataris
1907 305 2060 345 Oedoe-

546 376 659 421 hoen,-
688 374 858 416 tauricis
888 376 1124 432 Oepoep065
1155 376 1325 417 Beltiris
1360 378 1588 418 Tschooker
1617 377 1665 430 (i.
1695 393 1731 418 e.
1761 378 1929 425 variusy.
1969 379 2059 419 Cal<

547 449 703 490 muccis
740 452 930 492 Schontol
971 462 1013 491 et
1059 454 1313 498 Tsclzz'c'heclffl
1355 452 1567 508 Mongolis
1598 454 1854 495 Olboldslzin.
1915 454 2061 494 Coiba-

546 526 597 566 lis
632 528 888 569 Um'caldsen.
946 527 1147 584 Tangutis
1177 529 1378 583 Buhubisg
1415 528 1556 580 (vocis
1587 528 1811 584 imitatio).
1869 527 2063 569 Armenis

550 603 704 659 Ρορὸρ.

526 679 573 717 In
604 678 902 734 campestribus
947 678 1122 719 desertis
1153 677 1324 719 Rossiae
1357 679 1544 719 australis
1576 690 1617 719 et
1649 679 1826 720 Sibiriae
1857 679 2062 721 citerioris

382 751 733 806 frequentissima3
763 753 807 793 in
837 754 987 809 apricis
1019 755 1068 793 ad
1099 753 1306 793 Jeniseam
1336 765 1377 793 et
1408 754 1585 793 Dauriae
1616 754 1812 805 rariores,
1848 755 1893 796 in
1925 757 2065 795 admo-

381 827 481 866 dum
511 829 745 868 borealibus
774 840 815 868 et
844 829 1114 869 orientalibus
1145 830 1305 868 desunt.
1364 828 1529 882 Frigida
1557 828 1670 868 enim
1693 841 1733 869 et
1760 829 1959 884 palustria
1982 845 2065 870 non

382 914 534 942 amant.
606 907 639 942 E
670 904 817 944 calidis
847 903 1085 958 regionibus
1118 904 1344 942 adventant
1372 903 1543 942 ineunte
1580 903 1741 958 Aprili,
1781 904 1954 944 tumidis
1985 908 2065 957 jain

379 987 468 1016 tum
499 978 752 1032 genitalibus
783 978 960 1033 organis.
1019 982 1096 1018 Per
1118 978 1233 1033 paria
1258 977 1421 1027 vivunt,
1455 979 1597 1019 volant
1623 990 1664 1018 et
1691 980 1924 1026 ambulant,
1952 994 2066 1033 prae·

379 1051 525 1091 sertim
556 1068 675 1093 mane
706 1055 757 1094 ad
788 1070 971 1094 versuras
1003 1069 1193 1109 agrorum
1223 1065 1264 1093 et
1293 1053 1337 1093 in
1376 1053 1534 1110 campis
1578 1054 1825 1094 vermiculos
1870 1055 2066 1095 Carabos-

380 1141 464 1181 que
495 1127 694 1182 legentes.
758 1131 912 1170 Volant
943 1130 1059 1185 quasi
1090 1144 1260 1169 enerves
1291 1140 1333 1169 et
1363 1129 1446 1168 alas
1483 1129 1702 1169 subsultim
1731 1140 1967 1178 moventeS,
1999 1143 2067 1168 ne-

379 1216 461 1257 que
504 1204 586 1243 alte
630 1219 706 1244 nec
750 1205 842 1255 diu,
887 1206 959 1245 sed
1004 1206 1148 1245 crebro
1192 1203 1423 1244 consident.
1496 1206 1771 1244 Stertorosum
1809 1220 1976 1251 sonum,
2004 1203 2067 1243 uti

384 1276 554 1327 Cuculi,
584 1278 694 1319 inter
724 1281 949 1320 volandum
979 1282 1122 1319 edunt.
1182 1278 1408 1318 Hominem
1438 1279 1482 1317 in
1514 1278 1649 1318 minus
1680 1279 1966 1333 frequentibus
1995 1293 2065 1318 no-

382 1351 476 1392 stris
505 1353 743 1407 regionibus
773 1369 855 1394 non
887 1356 1111 1395 admodum
1140 1353 1315 1400 timent,
1353 1353 1439 1393 imo
1471 1354 1521 1392 ad
1551 1353 1745 1393 suburbia
1775 1365 1816 1393 et
1846 1367 1973 1408 pagos
2004 1368 2067 1393 ac-

381 1429 550 1468 cedunt.
611 1429 803 1484 Zarizyni
833 1429 877 1469 in
908 1430 1033 1469 domo
1064 1440 1181 1468 extra
1209 1429 1353 1467 urbem
1391 1428 1490 1475 sita,
1537 1427 1609 1468 diu
1638 1444 1722 1468 non
1750 1427 1962 1478 habitata,
2007 1428 2068 1468 in-

381 1513 445 1541 tra
475 1503 582 1558 ipsas
613 1504 781 1544 latrinas
811 1505 946 1559 pullos
975 1505 1222 1544 educaverat
1264 1507 1435 1558 Upupa,
1477 1514 1518 1542 et
1562 1503 1663 1543 licet
1707 1515 1806 1544 tunc
1849 1503 2068 1544 hominum

381 1579 615 1634 frequentia
644 1582 826 1629 turbata,
874 1592 1041 1635 postero
1085 1593 1193 1618 anno
1233 1589 1372 1618 tamen
1417 1580 1468 1618 ad
1511 1580 1691 1619 eundem
1736 1579 1882 1619 nidum
1925 1579 2065 1620 rediit.

382 1657 431 1694 In
461 1669 611 1710 genere
641 1655 796 1696 foetida
827 1656 918 1696 loca
950 1666 1080 1704 amat,
1122 1654 1193 1693 ubi
1226 1658 1386 1694 Insecta
1418 1654 1551 1694 solent
1581 1655 1803 1694 abundare.
1865 1656 1934 1694 Ad
1963 1654 2066 1694 Irtin

382 1729 427 1769 in
458 1730 562 1770 Fossa
592 1730 756 1783 disjecti
785 1730 956 1778 tumuli,
996 1730 1063 1770 cui
1093 1728 1299 1783 ingestum
1346 1740 1386 1768 et
1429 1729 1638 1784 lapidibus
1679 1729 1831 1769 leviter
1873 1731 2067 1770 obrutum

382 1816 472 1844 erat
499 1807 693 1854 cadaver,
725 1806 833 1845 intra
863 1816 994 1844 crates
1025 1802 1208 1844 thoracis
1238 1803 1384 1843 sceleti
1413 1803 1592 1858 putridis
1623 1804 1812 1843 carnibus
1842 1803 1976 1844 adhuc
2006 1815 2064 1844 te-

382 1878 457 1929 tri,
488 1879 634 1919 nidum
663 1882 838 1934 Upupae
868 1878 1032 1928 inveni,
1073 1893 1167 1918 curn
1207 1889 1366 1932 septem
1409 1877 1535 1932 pullis
1578 1880 1660 1929 jam
1702 1878 2061 1929 volaturientibus‚

383 1953 456 2008 qui
486 1954 762 1994 foetidissimo
797 1953 942 1994 ichore
986 1968 1039 1992 ex
1083 1968 1161 1993 ano
1212 1953 1415 2006 ejaculato
1456 1967 1498 1993 se
1541 1953 1834 1993 defendebant.
1906 1953 2071 1994 Inventi

383 2028 512 2070 etiarn
542 2041 634 2070 sunt
662 2029 707 2069 in
740 2029 928 2070 cavernis
959 2028 1141 2083 riparum
1172 2039 1213 2067 et
1242 2027 1398 2068 truncis
1429 2029 1619 2068 arborum
1665 2029 1922 2083 putridarum
1963 2030 2069 2071 nidi.

382 2104 474 2145 Ουα
504 2108 678 2160 Upupae
708 2105 864 2154 ovalia,
898 2102 1159 2144 virescentia.
1220 2105 1398 2153 Sedens,
1430 2102 1672 2159 praesertim
1700 2103 1871 2154 timens,
1917 2107 2063 2146 crebro

383 2180 508 2235 erigit
536 2178 716 2221 cristam.
777 2182 868 2221 Vox
897 2179 1051 2220 trisona
1082 2191 1123 2219 et
1154 2178 1334 2219 debilior
1363 2177 1512 2221 Cuculi
1554 2179 1734 2228 aemula,
1779 2181 1895 2234 quasi
1925 2181 2060 2220 Halm-

385 2257 455 2305 hu,
486 2271 560 2311 per
589 2255 809 2296 intervalla
840 2256 976 2303 edita,
1006 2271 1129 2310 quarn
1159 2266 1274 2295 motu
1303 2254 1450 2310 capitis
1481 2253 1702 2309 singulari,
1740 2267 1953 2310 rostroque
1981 2266 2059 2293 ter·

383 2343 468 2369 ram
500 2332 566 2371 vel
596 2347 755 2373 ramum
794 2331 945 2373 feriens
989 2331 1167 2381 emittit3
1212 2331 1423 2372 interdum
1467 2345 1614 2372 vocem
1656 2329 1845 2372 bisonam
1884 2330 2059 2370 interca-

382 2402 470 2444 lant
500 2406 673 2460 (Opop).
