2196 2927
421 188 509 229 344
1182 186 1326 209 Ξ

414 298 628 344 parenteS‚
674 296 719 326 ut
758 284 843 326 fere
879 283 1157 341 praecipitem
1200 283 1450 338 dejecerint;
1492 282 1720 324 Vulnerata
1763 296 1901 326 autem
1943 285 2098 327 femina

416 363 632 403 avolarunt
663 362 805 411 ambo,
836 376 914 401 nee
950 376 1025 416 per
1057 360 1229 401 biduum
1258 372 1404 415 postea
1433 361 1675 400 observatae
1713 361 1764 399 ad
1795 360 1939 400 nidum
1968 362 2098 402 redie-

413 449 528 484 runt,
573 437 675 477 licet
713 436 758 476 in
801 436 993 492 opposita
1036 451 1161 491 rupe,
1204 435 1322 490 quasi
1366 436 1573 490 lugentes,
1616 434 1777 490 saepius
1819 436 2096 477 considerent,

414 512 518 552 Avis
548 512 592 552 in
621 527 770 567 genere
809 512 1013 561 animosa,
1059 511 1330 561 astutissima,
1377 510 1698 566 circumspecta,
1744 511 1921 551 multum
1957 512 2097 552 valens

414 587 566 637 oculis,
599 587 817 635 iracunda;
847 587 1004 644 phocas
1033 587 1216 642 juniores
1247 602 1269 627 e
1300 586 1441 627 medio
1471 586 1574 626 mari
1596 585 1704 642 rapit
1734 598 1776 626 et
1805 585 1849 626 in
1879 601 1999 642 rupes
2028 589 2099 628 de-

413 662 507 704 fert.
536 709 537 713 Ἰ
565 664 747 719 Vulpem
778 664 1032 718 lagopodem
1062 664 1112 702 ab
1141 677 1192 702 ea
1223 663 1427 702 sublatam
1457 673 1498 702 et
1528 661 1698 717 rupibus
1728 661 1905 711 illisam,
1937 673 2095 717 postea-

411 753 493 794 que
524 738 769 779 dilaniatam
796 738 906 778 vidit
932 739 1137 779 stellerus.
1195 738 1317 777 Vivit
1353 737 1482 778 etiam
1517 737 1630 778 circa
1659 753 1770 779 mare
1805 738 1950 793 ejectis
1979 739 2097 780 cada·

413 813 578 854 veribus
609 825 651 853 et
680 813 804 853 maris
834 813 1116 868 purgamentis
1148 813 1285 853 variis.

547 890 717 930 Descr.
775 888 933 944 Aquila
962 889 1161 929 Albictlla
1191 891 1321 941 major
1349 899 1431 937 est,
1464 891 1632 944 ejusque
1655 888 1817 930 habitu.
1875 890 1990 930 Mole
2011 891 2095 930 fere

410 964 595 1006 maxima
632 964 675 1004 in
712 980 785 1005 suo
823 979 989 1019 genere.
1011 990 1066 996 —-—
1100 965 1290 1004 Rostrum
1326 978 1542 1018 magnum,
1585 965 1873 1014 flavissimum,
1916 981 1939 1006 e
1981 977 2096 1006 recto

410 1040 674 1090 uncinatum,
713 1055 1012 1096 compressum,
1059 1054 1314 1086 convexum,
1358 1039 1613 1093 marginibus
1643 1040 1841 1081 maxillae
1872 1040 2095 1096 superioris

409 1114 667 1156 curvilineiS.
733 1117 838 1156 Cera
866 1117 993 1163 flava,
1034 1130 1245 1162 convexa,
1287 1114 1455 1155 naribus
1485 1114 1654 1169 amplis,
1699 1115 1852 1166 ovatis,
1898 1115 2094 1170 obliquis.

409 1192 536 1231 Frons
565 1202 607 1230 et
636 1207 730 1232 area
759 1191 858 1246 pilis
888 1191 1066 1240 radiata,
1107 1202 1202 1230 ante
1231 1190 1373 1230 oculos
1404 1201 1444 1229 et
1475 1190 1585 1230 circa
1620 1191 1794 1238 rictum,
1837 1192 1929 1230 alba
1999 1192 2094 1230 Ver-

407 1275 479 1306 tex
509 1278 551 1305 et
580 1273 716 1308 cervix
745 1279 833 1307 tota
863 1266 1016 1321 plumis
1047 1265 1272 1319 elongatis,
1305 1263 1569 1313 acuminatis,
1602 1265 1918 1320 gryseo-caniS,
1950 1265 2094 1306 medio

410 1339 775 1395 longitudinaliter
804 1341 942 1382 fuscis.
1001 1343 1245 1397 Supercilia,
1291 1355 1384 1380 area
1425 1354 1534 1395 pone
1575 1341 1719 1380 oculos
1763 1351 1804 1380 et
1834 1342 1928 1395 gula
1959 1341 2093 1396 nigro-

407 1415 536 1456 fusca.
607 1420 767 1469 ‘Corpus
804 1430 938 1458 totum
968 1433 1090 1472 supra
1127 1415 1458 1470 fusco-nigrum,
1503 1416 1655 1471 plumis
1686 1416 1804 1472 apice
1834 1431 2092 1472 gryseo-ex-

409 1491 571 1540 soletis3
615 1494 857 1548 Scapulares
896 1507 1056 1548 pennae
1094 1507 1124 1531 s.
1164 1492 1227 1531 ala
1258 1490 1395 1546 spuria
1425 1490 1555 1545 nigra.
1622 1493 1769 1532 subtus
1798 1493 1930 1539 fusca,
1973 1491 2092 1547 apice

408 1577 450 1606 et
481 1566 630 1608 rhachi
660 1569 894 1623 plumarum
919 1566 1426 1623 gryseo-canescentibus.
1494 1567 1774 1622 Uropygz'um,
1807 1573 1974 1608 crissum
1997 1582 2091 1607 cum

406 1643 543 1683 cauda
573 1654 684 1693 tota,
716 1645 873 1685 alarum
902 1642 1096 1693 brachia,
1127 1657 1220 1682 cum
1253 1645 1365 1682 alula
1395 1653 1437 1682 et
1465 1643 1757 1693 vestiericz‘bus,
1787 1645 2008 1696 femoralia
2036 1668 2090 1674 --

406 1716 626 1772 purissime
656 1720 848 1760 candida.
914 1723 1018 1760 Alae
1047 1717 1267 1758 dimidiam
1298 1718 1470 1757 caudam
1502 1729 1744 1772 aequantes,
1787 1717 1969 1758 brachiis
1999 1719 2088 1757 sub-

406 1802 470 1831 tus
499 1791 618 1846 nigro
648 1794 882 1848 variegatis.
943 1796 1128 1847 Remiges
1160 1802 1222 1842 24.
1253 1792 1415 1846 nigrae,
1447 1792 1713 1832 secundariae
1744 1791 1902 1845 aliquot
1932 1791 1975 1831 in
2006 1808 2088 1832 me-

407 1865 480 1905 dio
509 1880 656 1921 gryseo
685 1879 1002 1923 conspui-catam
1048 1872 1263 1921 primariae
1313 1884 1370 1906 10.
1410 1881 1581 1921 quarum
1610 1886 1647 1920 7.
1678 1866 1834 1922 priores
1879 1867 2086 1908 exteriore

407 1941 568 1981 vexillo
599 1954 857 1997 angustatae,
890 1944 1069 1983 secunda
1090 1942 1344 1996 longissima.
1408 1942 1608 1983 Tectrices
1635 1943 1890 1983 concolores.
1942 1943 2087 1984 Caucla

405 2016 695 2067 cuneiformi-s,
726 2018 974 2074 latipennis,
1004 2017 1247 2058 rectricibus
1276 2018 1614 2071 quatuordecim,
1657 2018 1757 2058 totis
1788 2017 1912 2067 albis,
1961 2017 2087 2058 acuti-

405 2091 570 2132 usculis.
634 2094 780 2134 Tibiae
809 2095 917 2135 ultra
947 2094 1133 2134 medium
1162 2093 1394 2148 plurumae,
1434 2093 1616 2134 exterius
1647 2094 1772 2143 albis,
1803 2093 2001 2141 interiore
2031 2094 2085 2133 la-

405 2176 492 2206 tere
522 2167 646 2209 fuscis
675 2170 849 2224 plumis:
893 2171 1002 2210 nuda
1039 2186 1132 2225 pars
1170 2185 1264 2209 cum
1294 2169 1437 2225 digitis
1468 2170 1710 2218 flavissin]a;
1756 2172 1876 2225 digiti
1903 2169 2082 2209 brevius-

404 2241 516 2291 culi,
560 2245 701 2284 subtus
744 2245 915 2301 papillis
959 2245 1121 2286 corneis
1165 2246 1364 2301 asperati,
1417 2245 1529 2301 plica
1570 2245 1821 2286 intermedia
1865 2244 1937 2285 vix
1978 2243 2082 2289 ulla3

412 2323 590 2370 posticus
612 2331 653 2359 et
676 2325 838 2362 interior
862 2321 1137 2362 robustissimi
1163 2333 1202 2362 et
1227 2321 1421 2362 maximis
1444 2321 1635 2362 instructi
1660 2321 1879 2377 unguibus,
1911 2321 2082 2359 exterior

409 2391 704 2435 subversatilis.
765 2397 932 2453 Ungues
960 2399 1046 2439 fere
1084 2397 1431 2450 semicirculares,
1470 2397 1664 2450 maximi,
1706 2395 1823 2438 fusci.
1891 2395 2088 2435 Mensura>
