2196 2927
430 182 516 224 140
1188 195 1332 202 -—

1028 275 1477 329 ORDolst

892 395 1624 469 GLIRES.

555 673 670 715 Ordo
699 671 770 714 hic
800 673 903 714 adeo
932 671 1128 712 naturalis
1152 683 1194 712 et
1217 670 1526 713 characteribus
1548 670 1593 711 in
1617 670 1756 726 aprico
1780 682 1862 721 est,
1894 682 1938 711 ut
1964 671 2092 714 etiam

415 749 673 804 antiquiores
704 749 906 806 Zoologos
937 762 1018 787 non
1049 746 1213 801 fugerit.
1242 773 1296 779 —
1334 749 1495 787 Genera
1525 746 1663 787 onmia
1695 746 1949 786 conveniunt
1979 748 2090 788 labio

419 826 532 873 fisso,
565 825 748 864 dentibus
777 821 965 870 rosoriis,
996 822 1239 876 plerumque
1269 821 1400 868 binis3
1431 825 1631 862 clavicula
1652 820 1696 860 in
1720 822 1874 861 sceleto
1892 823 2089 876 perfecta,

416 903 636 941 ventriculo
666 896 961 953 subbipartito,
994 911 1112 936 coeco
1140 894 1295 950 insigni
1326 907 1367 936 et
1396 911 1545 951 magno
1576 895 1820 949 genitalium
1843 896 2089 937 masculino-

417 988 508 1014 rum
538 985 753 1029 apparatu,
800 972 886 1012 imo
918 974 1070 1024 majore
1101 986 1223 1026 quam
1253 970 1296 1010 in
1327 971 1413 1010 ullo
1444 971 1526 1011 alio
1556 970 1717 1010 ordine.
1787 970 1956 1010 Pariunt
1998 985 2090 1011 coe-

417 1063 506 1098 cos,
537 1059 582 1088 ut
612 1050 742 1096 fei‘ae,
775 1058 815 1086 et
845 1046 1079 1095 semiferae,
1119 1057 1162 1085 et
1191 1061 1286 1085 cum
1315 1044 1382 1086 his
1412 1045 1517 1085 serie
1548 1059 1744 1099 generum
1774 1056 2088 1085 connectuntur.

415 1123 585 1178 Species
614 1122 658 1162 in
688 1134 777 1162 toto
807 1123 906 1162 orbe
936 1132 1135 1160 terrarum
1165 1120 1524 1160 numerosissimae
1555 1130 1597 1158 et
1619 1119 1801 1159 maxime
1823 1120 2088 1174 pullulantes,

413 1195 516 1238 hinc
545 1212 666 1252 saepe
696 1197 868 1236 nocivae
899 1195 1063 1235 homini
1074 1225 1083 1243 ‚
1116 1196 1187 1234 sed
1217 1205 1404 1248 paratum
1434 1206 1476 1233 et
1505 1193 1718 1248 copiosum
1749 1194 1846 1233 feris
1874 1196 2086 1249 pabulum.

414 1271 620 1312 Plurimae
651 1270 778 1310 etiam
818 1269 1026 1323 gregariae
1064 1268 1264 1322 migrant,
1309 1269 1364 1308 ob
1408 1282 1593 1307 annonae
1635 1267 1878 1322 praesertim
1920 1268 1964 1308 in
2007 1269 2088 1310 hac

414 1347 483 1386 vel
510 1346 585 1385 illa
614 1344 782 1399 regione
813 1345 1041 1392 defectum,
1073 1343 1141 1382 vel
1167 1357 1286 1382 sensu
1310 1343 1488 1397 quodam
1512 1342 1741 1396 ingruentis
1764 1342 1963 1397 gravioris
1985 1342 2086 1398 hye-

414 1420 505 1460 mis.
535 1444 595 1452 ·—
623 1423 670 1459 In
701 1434 848 1474 genere
878 1429 1015 1458 autem
1045 1429 1138 1457 sunt
1165 1417 1377 1466 imbelles,
1409 1416 1715 1472 phytiphagae,
1747 1418 1967 1472 pleraeque
1990 1433 2084 1458 noc-

413 1507 576 1544 turnae,
616 1493 818 1535 cuniculis
848 1494 916 1533 vel
944 1491 1055 1532 nidis
1085 1491 1398 1541 delitescentes,
1443 1503 1485 1531 et
1514 1490 1737 1532 nonnullae
1767 1491 1953 1547 hyemali
1983 1503 2085 1534 tem-

411 1584 511 1625 pore
540 1569 743 1623 torpidae.

546 1674 610 1711 De
639 1666 847 1726 plerisque
877 1672 1040 1709 Faunae
1069 1680 1231 1708 nostrae
1262 1668 1446 1709 Gliribus
1488 1666 1691 1723 peculiari
1733 1683 1857 1723 opere
1898 1668 1959 1709 ita
2000 1669 2081 1724 egi,

409 1757 456 1787 ut
484 1745 555 1787 hic
586 1745 742 1800 species
779 1744 962 1785 breviter
999 1744 1183 1800 attigisse
1218 1743 1406 1786 sufficiat.
1465 1744 1623 1796 (Novae
1659 1744 1817 1798 Species
1846 1744 2081 1800 Quadrupe-

407 1822 507 1863 dum
536 1838 556 1864 e
584 1823 752 1863 Glirium
780 1821 927 1873 ordin.)

797 2037 919 2087 XII.
993 2035 1682 2087 HYSTRICES.

548 2212 688 2250 Insero
718 2211 816 2250 duas
846 2210 1004 2265 species
1032 2211 1271 2266 Hystricum
1300 2211 1400 2252 licet
1443 2212 1495 2252 ad
1536 2214 1718 2251 Faunam
1754 2208 1917 2249 Rossici
1947 2211 2079 2263 Impe-

405 2281 460 2322 rii
482 2283 554 2323 vix
579 2300 624 2325 ac
648 2300 699 2324 ne
723 2284 795 2324 vix
819 2285 1093 2338 pertinentes,
1123 2286 1326 2340 persicam
1350 2287 1540 2334 alteram,
1578 2287 1749 2327 alteram
1785 2282 2072 2324 americanam.

408 2358 490 2401 Sed
519 2359 855 2414 quandoquidem
894 2360 1065 2403 Rossiea
1107 2375 1217 2400 arma
1259 2361 1304 2401 in
1346 2361 1442 2401 istas
1485 2360 1672 2415 regiones
1721 2366 1987 2418 penetrarunt
2034 2365 2077 2396 et
