2196 2927
270 307 432 358 Narym
460 306 612 350 Καένες
654 303 894 344 Morduanis
930 303 1093 343 Warssi.
1155 305 1398 346 Lettonibus
1434 306 1630 354 Waarna‚
1660 309 1778 348 Dser—

270 397 372 426 wes3
414 379 611 420 Esthonis
652 380 822 419 lVarres.
881 378 1109 431 Samojedis
1157 379 1345 434 Vesornga.
1415 382 1599 423 Coibalis
1650 384 1780 423 Taan.

267 456 471 510 Tungusis
506 456 653 494 Toraki
684 457 747 506 (ut
774 464 818 493 et
846 454 1043 506 Corone).
1088 453 1417 496 Camtschadalis
1440 458 1490 497 ad
1510 457 1623 512 Tigil
1647 460 1781 498 Klakl.

269 531 400 571 Persis
430 532 562 583 Saag5
602 528 714 568 Indis
744 530 929 582 Kahgae.

241 609 287 645 In
319 605 463 645 Rossia
492 616 534 644 et
563 603 756 645 citeriore
787 603 940 645 Sibil-ia
968 602 1327 659 frequentissimae
1358 619 1472 653 aves3
1505 605 1611 646 ultra
1641 608 1781 648 Obum

106 684 144 719 n.
176 693 216 721 ct
246 681 355 721 circa
387 681 553 719 alta'i'cas
584 680 695 734 alpes
724 695 868 735 saepe,
909 691 1019 719 trans
1048 678 1255 719 Jeniseam
1292 680 1537 735 plerumque
1568 681 1685 735 nigro
1716 697 1780 721 co-

105 756 190 796 lore
222 755 401 804 variant,
451 766 626 809 suntque
657 755 780 795 solito
810 758 984 808 majores
1013 765 1055 794 et
1085 754 1333 802 ferociores,
1376 756 1434 796 ita
1463 767 1507 795 ut
1537 755 1781 795 rusticorum

102 830 276 884 gallinas
307 831 520 878 audacter,
567 830 780 870 communi
822 829 984 885 impetu
1025 831 1155 879 facto,
1199 831 1386 886 jugulent
1415 842 1537 886 atque
1569 830 1781 885 diripiant.

102 907 148 944 In
178 905 444 945 orientaliore
476 904 574 944 dein
606 904 758 945 Sibiria
785 905 948 960 parcius
977 916 1219 955 occurrunt,
1264 921 1341 946 nec
1379 907 1464 947 fere
1494 905 1575 946 nisi
1606 906 1690 945 sola
1720 904 1780 944 ni-

102 995 171 1034 gra
200 980 391 1020 varietas.
448 981 567 1020 Ultra
599 984 754 1020 Lenani
778 981 919 1020 deesse
949 981 1199 1021 Scellerus
1226 980 1432 1036 prodiditg
1464 993 1575 1021 certe
1601 981 1645 1020 in
1663 981 1781 1021 Cam-2

100 1054 288 1095 tschatca
319 1070 400 1095 non
430 1055 623 1095 videntur
654 1055 757 1095 dari.
821 1059 868 1095 In
899 1055 1081 1095 Dauuria
1111 1071 1201 1096 raro
1235 1067 1423 1112 apparet,
1469 1070 1598 1110 aeque
1629 1070 1675 1095 ac
1705 1055 1781 1096 Co-

101 1143 220 1177 rone,
253 1141 295 1170 et
327 1131 553 1170 Monedula
585 1130 778 1185 vulgaris.
837 1134 1043 1185 Hyemem
1071 1130 1199 1171 etiam
1229 1131 1273 1171 in
1304 1131 1695 1186 septentrionalibus
1712 1132 1777 1170 ob-

99 1205 269 1252 durant,
316 1207 441 1244 modo
471 1204 605 1244 victus
635 1216 840 1260 suppetat.
913 1206 995 1245 Sed
1024 1221 1146 1261 saepe
1178 1208 1227 1246 ab
1257 1205 1432 1245 immani
1465 1207 1560 1259 gelu
1590 1215 1778 1260 pereunt.

100 1278 276 1318 Veneris
306 1290 493 1334 tempore
523 1294 598 1335 per
625 1280 741 1335 paria
772 1280 1064 1334 disperguntur
1093 1291 1134 1320 et
1163 1281 1209 1320 in
1250 1281 1462 1321 arboribus
1501 1281 1711 1336 sylvarum
1741 1290 1783 1319 et

97 1353 287 1393 lucorum
317 1355 456 1394 nidum
486 1369 508 1394 e
540 1355 730 1410 virgultis
758 1366 922 1395 texunt.

235 1430 384 1469 Nota.
447 1448 485 1469 α.
517 1431 703 1470 Varietas
733 1429 911 1470 Sibiriae
935 1430 1145 1486 alpestris:
1175 1430 1333 1471 ventris
1357 1434 1511 1485 majore
1535 1441 1665 1487 parte,
1695 1428 1781 1470 imo

97 1513 189 1542 toto
219 1518 340 1558 saepe
369 1519 500 1559 prono
529 1505 679 1552 latere,
721 1505 906 1560 itemque
937 1506 1059 1545 dorso
1103 1509 1287 1560 (praeter
1314 1506 1518 1561 margines
1548 1507 1781 1562 plumarum

99 1577 390 1633 interscapulii
419 1579 622 1633 cinereas)
653 1579 814 1634 nigrae,
854 1578 940 1619 imo
970 1581 1173 1634 quaedam
1201 1592 1314 1620 totae
1345 1580 1576 1620 aterrimae.

236 1660 278 1701 β.
309 1657 439 1694 Datur
470 1659 554 1696 alia
596 1659 772 1695 varietas
813 1653 857 1693 in
901 1654 1075 1708 sylvosis
1118 1654 1419 1696 borealioribus
1461 1655 1546 1696 Obi
1575 1653 1693 1695 fluvii
1704 1685 1716 1702 ,
1760 1669 1783 1694 a

101 1728 555 1770 Messerschmidio
584 1729 751 1784 copiose
782 1730 1018 1777 observata,
1049 1730 1116 1770 cui
1146 1745 1292 1785 corpus
1314 1730 1596 1770 cinerascente
1627 1730 1778 1779 album,

97 1801 173 1842 ubi
187 1803 367 1858 vulgaris
385 1805 557 1845 obscure
574 1804 762 1853 cinerea,
794 1805 935 1844 subtus
951 1805 1036 1844 fere
1051 1816 1185 1845 totum
1201 1806 1353 1846 album.
1403 1805 1589 1846 Crissum
1604 1804 1781 1859 nigrum.

237 1899 276 1929 Ὺ.
307 1882 432 1919 Extat
460 1879 503 1920 in
533 1882 674 1921 Museo
702 1880 1013 1920 Academiae
1042 1882 1143 1936 Imp.
1174 1881 1333 1937 Petrop.
1394 1880 1551 1922 Cornix
1572 1890 1660 1921 tota
1688 1894 1781 1919 can-

104 1950 224 1999 dida,
252 1953 386 1994 fronte
415 1955 592 2010 guloque
623 1954 802 2008 gryseis,
831 1968 853 1993 e
885 1953 1038 1993 Sibiria
1067 1954 1110 1994 in
1141 1955 1305 1995 exuviis
1333 1954 1583 1996 transmissa.

462 2036 549 2090 45.
640 2032 748 2075 CO
778 2033 816 2074 R
845 2034 887 2073 V
918 2033 958 2073 U
987 2033 1015 2073 S
1078 2028 1417 2092 frugilegas.

239 2101 286 2143 C.
317 2116 488 2157 corpore
519 2102 713 2143 aterrimo
743 2102 1009 2157 splendente,
1038 2115 1169 2143 rostro
1196 2103 1287 2144 basi
1315 2103 1482 2144 detrito.

320 2176 478 2217 Cornix
508 2177 731 2232 frugilega‚
773 2177 1021 2227 Auctorum,
1053 2179 1192 2219 albin.
1234 2194 1298 2219 av.
1328 2180 1383 2218 Π.
1426 2179 1508 2219 tab.
1549 2195 1613 2219 22.
1668 2180 1777 2221 Bris»

371 2268 456 2292 son.
487 2254 630 2293 ornith⁸
660 2254 713 2292 ΙΙ.
745 2267 841 2306 pag.
879 2257 938 2291 16.

324 2327 481 2368 Cornix
511 2326 627 2381 nigra
657 2341 727 2366 seu
758 2327 914 2367 Corvus
943 2326 1099 2374 minor,
1129 2330 1280 2369 Frisch.
1312 2343 1376 2369 av.
1407 2329 1490 2370 tab.
1516 2337 1586 2379 64.

320 2403 478 2444 Corvus
507 2402 751 2457 frugilegus,
777 2403 867 2442 Lin.
896 2412 998 2458 εχει.
1029 2405 1061 2444 Ι.
1093 2420 1132 2458 p.
1163 2411 1252 2447 156.
1284 2420 1343 2459 sp.
1373 2413 1411 2455 4.
