2196 2927
409 191 499 230 390
1160 182 1319 207 ····——···=·-·

407 292 524 332 lucos
552 286 842 342 disperguntur
872 283 924 323 ad
953 281 1092 331 nidos,
1128 280 1416 336 cautioresque
1445 279 1665 322 hominem
1693 282 1869 338 fugiunt.
1925 286 2085 324 Desunt

410 368 454 408 in
484 380 555 405 ora
585 362 759 409 arctim,
803 360 1029 400 secundum
1058 359 1199 399 Obum
1227 359 1267 398 fl.
1298 373 1426 413 usque
1472 372 1609 398 versus
1651 357 1840 412 Nadymi
1883 361 2087 400 confluen-

408 454 497 482 tem
528 441 579 480 ad
608 439 777 479 boream
807 435 1082 482 descendunt3
1126 434 1345 489 feruntque
1389 433 1551 475 Ostiaci
1589 435 1641 474 ad
1670 435 1839 489 Nadym
1870 433 2090 476 adventan-

412 529 474 557 tes
502 514 659 571 perire,
703 528 781 554 nec
808 526 927 568 posse
963 511 1126 557 videre;
1172 510 1224 549 ad
1266 512 1423 550 Lenam
1465 509 1575 550 circa
1617 508 1947 550 Tschetschuisk
1989 510 2093 551 desi-

412 603 530 633 nunt.
587 590 696 630 Hinc
725 603 801 644 per
829 587 1077 628 orientalem
1106 586 1232 626 Asiae
1263 586 1459 640 angulum
1487 602 1689 641 nusquam
1719 596 1937 642 apparent;
1982 596 2023 625 at
2051 584 2095 626 in

414 666 707 712 Camtschatca
745 666 883 704 denuo
926 661 1259 717 copiosissimae,
1303 664 1598 717 praegrandes,
1642 661 1819 718 pulchro
1862 661 2098 716 splendore,

415 759 611 801 quorsum
639 757 713 797 per
747 741 847 779 Yeso
876 749 1138 792 tractumque
1169 736 1405 778 Curilarum
1436 753 1457 777 e
1487 737 1661 793 Japonia
1711 749 1752 778 et
1798 736 1937 778 China
1967 751 2099 778 acces-

416 821 514 862 sisse
543 819 751 858 videntur.
815 816 1070 854 stellerus
1113 812 1243 852 etiam
1285 813 1329 852 in
1373 813 1518 853 insulis
1562 829 1699 853 versus
1739 812 1981 853 American]
2025 813 2098 853 fre-

407 906 589 952 ‚quentes
619 890 857 933 observavit
887 900 928 929 et
956 899 1105 928 nautae
1135 887 1250 928 idem
1285 890 1545 929 confirmant.
1617 892 1813 929 Protei-va
1856 900 1898 927 et
1940 889 2101 942 garrula

420 971 507 1012 avis
537 981 581 1010 ut
611 979 723 1008 recte
754 966 895 1006 Picam
915 967 1074 1018 fariam
1104 964 1263 1019 potius,
1310 980 1433 1019 quam
1474 969 1633 1005 variam
1676 963 1832 1004 dixeris
1860 979 1954 1003 cum
1984 966 2101 1004 Mes-

406 1044 782 1089 ..serschmz'dio,
814 1041 886 1096 qui
916 1039 1200 1096 etymologico
1231 1039 1356 1095 genio
1385 1039 1493 1080 illud
1524 1056 1545 1080 a
1581 1041 1707 1081 fando
1750 1039 1931 1080 inditum
1973 1038 2105 1079 credi-

423 1123 499 1163 dit.
569 1121 757 1160 Adversa
787 1132 950 1173 semper
979 1128 1106 1157 vento
1135 1115 1346 1165 considet,
1392 1131 1444 1156 ne
1474 1115 1652 1172 agitetur
1680 1117 1830 1166 cauda,
1877 1119 1990 1171 cujus
2020 1115 2107 1156 lon-

422 1199 567 1254 gitudo
605 1198 690 1237 fere
728 1194 997 1235 incommoda
1042 1192 1110 1232 avi
1153 1191 1331 1232 videtur.
1404 1194 1577 1232 Volatus
1620 1191 1869 1238 laboriosus,
1915 1191 2103 1245 agitatus,

410 1274 627 1321 directus,
672 1269 826 1311 brevis.
894 1269 1026 1307 Nidus
1066 1266 1325 1321 ingeniosm,
1369 1267 1413 1306 in
1455 1266 1706 1307 humillimis
1749 1281 1871 1321 saepe
1917 1267 2106 1316 arbustis,

426 1349 554 1390 etiam
593 1346 705 1387 circa
746 1359 895 1401 pagos,
940 1359 962 1383 e
994 1342 1122 1398 spinis
1154 1353 1196 1381 et
1225 1341 1415 1397 virgultis
1458 1343 1749 1397 conglobatus,
1796 1341 2106 1396 sphaeroideus,

423 1423 600 1465 introitu
629 1420 807 1462 laterali.
866 1420 958 1459 Ova
989 1426 1010 1458 G
1043 1419 1094 1457 ad
1124 1436 1162 1470 7.
1187 1417 1358 1466 viridia,
1390 1417 1556 1472 punctis
1582 1417 1726 1466 fuscis,
1757 1418 1942 1472 pondere
1963 1418 2108 1458 drach-

426 1515 586 1541 marum
618 1515 638 1538 2
670 1498 722 1537 ad
753 1503 790 1537 3.
848 1498 1003 1534 Parvae
1035 1493 1206 1533 Rossiae
1236 1492 1410 1540 incolis,
1441 1507 1570 1548 aeque
1602 1508 1648 1532 ac
1674 1493 1720 1533 C.
1741 1495 1995 1547 frugilegas,
2025 1509 2109 1535 non

427 1590 517 1617 raro
547 1574 591 1614 iu
622 1572 718 1613 cibo
750 1570 987 1611 adhibetur.
1008 1595 1065 1601 ——
1093 1569 1346 1609 stellerus
1375 1568 1504 1608 etiam
1542 1566 1610 1608 cui
1640 1569 1740 1608 dura
1782 1568 2006 1609 necessitas
2036 1570 2111 1609 mi-

423 1651 640 1705 seriaeque
682 1647 844 1688 viarum
884 1657 926 1685 et
962 1643 1166 1699 naufragii
1196 1643 1240 1684 in
1270 1644 1493 1685 esculentis
1537 1643 1856 1684 adinveniendis
1899 1644 2111 1685 sollertem

427 1726 718 1771 reddiderant,
758 1722 951 1763 Picarum
980 1735 1122 1760 carnes
1160 1735 1242 1760 non
1284 1723 1444 1774 pejores
1489 1717 1781 1773 Lagopodibus
1824 1733 1910 1758 esse
1955 1720 2113 1760 asserit.

431 1803 645 1843 cadavera
672 1810 814 1837 tamen
844 1799 1142 1851 frequent-ants>
1164 1793 1237 1834 ubi
1268 1793 1543 1833 assidentibus
1567 1792 1735 1846 Aquilis
1764 1793 1995 1847 procaciter
2024 1811 2111 1849 pas-

432 1887 593 1918 cuntur.
665 1876 850 1912 Passeres
895 1884 1060 1925 quoque
1097 1879 1139 1909 et
1167 1868 1304 1924 pullos
1333 1867 1587 1922 gallinaceos
1619 1877 1741 1922 atque
1771 1867 1959 1908 anatinos
1989 1869 2112 1910 fame-

431 1951 539 1992 licae
570 1949 765 1989 audacter
793 1946 974 2001 rapiunt.

568 2026 715 2066 Nota.
773 2022 936 2063 Pondus
964 2021 1090 2076 vulgo
1119 2018 1334 2060 unciarum
1376 2033 1528 2060 novem
1559 2030 1601 2059 et
1630 2019 1749 2060 ultra.
1822 2021 1862 2059 V
1860 2025 2009 2061 arietas
2051 2020 2115 2060 Pi-

422 2117 508 2144 ‚cae
537 2101 655 2147 alba,
683 2097 821 2154 capite
851 2099 1096 2154 subgryseo,
1130 2111 1236 2136 anno
1273 2102 1386 2148 1769.
1416 2094 1571 2149 hyeme
1601 2106 1721 2150 capta
1750 2094 1830 2135 fuit
1859 2095 1903 2135 in
1944 2094 2112 2149 regione

436 2179 547 2219 inter
575 2177 768 2233 Djomam
797 2185 840 2214 et
868 2176 915 2214 Ih
942 2173 1112 2220 fluvios,
1142 2170 1472 2226 Orenburgensis
1501 2172 1804 2226 praefecturae,
1837 2169 2016 2225 vivaque
2044 2173 2113 2210 Pe-

433 2250 620 2308 tropolin
651 2250 775 2291 missa
803 2265 878 2305 per
906 2250 1041 2290 Nicol.
1071 2249 1379 2302 Rytschhof,
1427 2245 1499 2286 ubi
1539 2245 1797 2301 aliquamdiu
1826 2244 1947 2286 vixit.
2017 2247 2114 2284 Alia

437 2328 560 2368 Picae
588 2331 764 2368 varietas
793 2325 945 2367 rossica
974 2323 1019 2364 in
1047 2334 1217 2380 pectore
1247 2334 1289 2363 et
1317 2321 1391 2362 alis
1419 2320 1574 2376 plumis
1603 2320 1904 2375 compluribus,
1946 2334 1998 2359 ex
2026 2335 2114 2373 par-

438 2414 481 2444 te
510 2402 658 2456 nigris,
697 2401 831 2450 varia,
872 2412 915 2443 et
943 2404 1029 2443 alia
1055 2399 1160 2440 item
1189 2410 1278 2440 tota
1306 2397 1509 2455 candida,
1554 2393 1898 2436 Astrachanensis
1938 2393 1982 2433 in
2019 2409 2116 2434 exu-
