2196 2927
881 202 1021 210 ——.—-—-

486 284 678 337 XXXI.
759 284 1408 337 ROSMARUS.

880 186 1021 202 --·
1690 175 1779 225 269

248 435 393 476 Bellua
422 432 525 474 haec
556 429 732 473 arcticae
763 447 911 481 zonae,
955 443 998 471 ut
1042 431 1223 486 Elephas
1272 432 1524 487 tropicarum
1566 434 1781 491 regionum

113 512 298 568 propria,
343 509 506 550 unicam
547 507 590 547 in
634 506 800 546 australi
843 508 1011 547 Oceano
1055 521 1330 561 congenerem
1360 509 1543 563 speciem
1576 511 1781 565 agnoscit;

112 587 267 628 etenim
299 596 438 625 contra
466 587 665 622 Naturam
708 583 794 621 Lin
806 598 893 623 nae
906 598 960 623 us
1002 581 1067 622 his
1098 597 1247 636 genere
1278 583 1494 635 conjunxit
1532 585 1783 633 Trichechos‚

113 663 184 717 qui
212 660 382 717 posticis
413 660 576 698 artubus
605 657 649 697 in
691 658 864 699 caudam
906 657 1068 699 coalitis
1113 657 1264 698 rectius
1308 659 1360 698 ad
1407 659 1631 700 Cetaceum
1675 661 1781 701 ordi-2

112 753 208 777 nem
237 737 479 775 referuntur.

117 825 225 873 141.
300 815 337 856 R
360 816 399 856 O
421 815 447 856 S
469 814 517 856 M
538 814 577 856 A
599 814 636 855 R
657 813 697 854 U
722 814 748 855 S
796 816 1053 857 arcticus.
1104 814 1249 856 TAB.
1289 813 1503 857 XXVIII.
1535 820 1577 857 et
1606 815 1780 858 XXIX.

246 889 297 926 R.
328 885 522 925 dentibus
552 884 744 924 eburneis
773 885 896 938 longe
937 884 1110 925 exsertis
1141 885 1323 924 remotis.

326 963 566 1008 Romarm,
600 961 757 1000 Gesner.
788 971 926 1015 aquat.
958 977 996 1015 p.
1029 977 1119 1008 211.
1151 960 1287 1000 Olear.
1319 976 1419 1001 mus.
1451 977 1488 1015 p.
1516 967 1580 1001 38.
1610 961 1693 1001 tab.
1724 968 1781 1001 23.

372 1036 456 1088 fig.
489 1041 525 1074 3.
567 1035 768 1075 Schreber.
801 1039 1006 1075 mammal.
1037 1037 1090 1074 II.
1122 1051 1160 1090 p.
1194 1043 1283 1076 262.
1313 1036 1396 1075 tab.
1429 1053 1495 1088 79.

328 1110 535 1157 Walross,
564 1112 744 1149 Martens
774 1115 817 1149 it.
847 1110 974 1164 spizb.
1007 1126 1045 1163 p.
1077 1116 1140 1161 78.
1172 1111 1254 1150 tab.
1293 1128 1323 1150 1.
1354 1112 1402 1149 Β.

328 1188 466 1238 Equus
509 1183 714 1232 marinus,
770 1185 1099 1238 Hippopotamus
1131 1187 1244 1237 falso
1292 1186 1446 1234 dictus,
1500 1187 1591 1236 Raj.
1636 1186 1781 1240 quadr.

382 1276 421 1314 p.
458 1276 543 1309 191.
572 1261 676 1298 Ellis
706 1262 750 1297 ic.
781 1259 895 1297 huds.
927 1259 1011 1297 tab.
1044 1265 1081 1298 6.
1111 1261 1196 1313 fig.
1228 1266 1264 1300 3.

329 1335 596 1382 Ordobenus,
626 1336 804 1374 Brisson.
836 1334 979 1388 quadr.
1011 1350 1050 1388 p.
1080 1341 1148 1383 48.

327 1407 587 1449 Triohechus
618 1411 859 1454 Romarm,
895 1410 982 1447 Lin.
1012 1419 1115 1462 syst.
1146 1409 1240 1448 XII.
1270 1411 1302 1448 I.
1334 1426 1372 1465 p.
1404 1419 1470 1461 49.

328 1486 485 1532 Morse,
516 1486 678 1536 Buffon.
709 1483 852 1539 quadr.
881 1483 996 1523 XIII.
1037 1500 1076 1539 p.
1109 1491 1199 1525 358.
1231 1485 1314 1524 tab.
1346 1492 1410 1534 54.

329 1558 479 1598 Arctik
510 1559 693 1606 Walrus,
725 1559 845 1598 Penn.
876 1560 966 1598 hist.
998 1558 1139 1613 quadr.
1169 1561 1222 1600 Π.
1266 1575 1304 1613 p.
1337 1567 1427 1609 514.
1472 1574 1509 1598 n.
1541 1566 1632 1612 373.
1663 1561 1783 1602 Ζοοῐ.

385 1644 484 1674 aret.
514 1635 546 1673 Ι.
578 1650 617 1688 p.
655 1642 740 1683 144.
771 1648 851 1688 seq.

226 1712 263 1761 1)
295 1708 433 1748 Rossis
463 1710 614 1748 Morsh.
675 1713 716 1758 2)
747 1706 1047 1748 Tschuktschis
1077 1709 1231 1762 Ryrka.
1299 1711 1339 1761 3)
1373 1710 1602 1763 Samojedis
1636 1710 1782 1750 Timui-

274 1788 327 1823 εει·
357 1784 423 1823 vel
457 1784 584 1839 Tjute.
643 1786 686 1835 4)
718 1782 898 1823 Ostiacis
920 1785 1117 1829 Peikwai;
1148 1783 1322 1837 Vogulis
1345 1784 1535 1824 Poikwoi.
1595 1787 1638 1835 5)
1665 1785 1783 1826 Cam-

274 1857 498 1898 tschadalis
531 1860 767 1899 Tscheschk.

250 1935 457 1987 Frequens
494 1934 637 1973 Bellua
674 1933 718 1972 in
761 1935 932 1974 Oceano
971 1933 1145 1983 arctico,
1191 1934 1417 1973 secundum
1457 1932 1573 1971 littus
1614 1933 1783 1973 boreale

116 2005 242 2046 totius
271 2007 416 2056 Asiae,
449 2019 491 2047 et
520 2011 732 2062 Europae,
761 2007 914 2063 partim
943 2008 987 2047 in
1018 2007 1152 2062 glacie
1182 2007 1388 2055 fluitante,
1418 2006 1571 2061 partim
1600 2005 1644 2045 in
1675 2006 1782 2046 insu-

116 2081 166 2120 lis
195 2091 237 2120 et
266 2082 558 2135 promontoriis
588 2081 771 2122 maxime
801 2084 852 2122 ad
880 2082 1206 2138 septentrionem
1235 2081 1438 2135 protensis
1463 2092 1662 2130 versatur,
1695 2096 1780 2135 gre-

117 2155 244 2209 gatim
282 2167 423 2195 natans
505 2156 793 2211 Copiosissimi
822 2156 866 2195 in
897 2156 1033 2195 Insula
1061 2158 1223 2208 Novaja
1254 2155 1416 2203 Semla,
1460 2166 1502 2194 et
1530 2154 1611 2195 oris
1641 2155 1779 2210 anguli

116 2230 328 2271 orientalis
359 2230 556 2280 Sibiriae,
603 2231 674 2270 ubi
705 2230 946 2285 praesertim
975 2229 1100 2271 oestri
1141 2240 1328 2284 tempore
1374 2229 1418 2269 in
1459 2241 1585 2270 terras
1630 2242 1786 2271 exeunt

116 2305 275 2360 magnis
305 2306 516 2360 gregibus,
554 2305 716 2359 integro
747 2306 832 2345 fere
863 2319 1004 2345 mense
1036 2306 1252 2355 cubantes,
1299 2315 1341 2344 et
1370 2316 1564 2345 autumno
1595 2319 1784 2359 congres-

120 2394 207 2422 sum
236 2381 470 2432 celebrant,
501 2395 624 2436 quem
653 2379 881 2422 lentissime
910 2391 1135 2437 peragunt,
1168 2395 1278 2421 mare
1307 2380 1625 2437 superveniente
1649 2390 1690 2419 et
1718 2394 1784 2435 ge-
