2196 2927
358 206 446 260 460
1118 214 1262 238 --...-...-·

696 317 896 369 XVIII.
978 314 1700 369 MUSCICAPAE.

495 410 758 464 Muscicapae
786 410 1018 458 Linnaei,
1049 410 1252 464 quaedam
1282 408 1429 448 saltem
1460 408 1638 464 species,
1670 419 1715 448 ut
1738 423 1777 450 v.
1803 422 1860 463 gr.
1892 413 1945 450 M.
1969 424 2038 465 pa-

361 483 568 532 radisaea,
606 483 813 535 olivaeea,
859 483 1040 533 Grisola,
1083 487 1299 538 Tyrannus
1330 483 1628 524 dominicensis
1657 486 1920 525 Brissonii
1965 501 2040 529 ‹or-

362 562 459 600 nith.
493 562 546 600 ΙΙ.
579 560 663 600 tab.
696 566 760 600 38.
780 562 867 614 fig.
900 564 957 614 2.)
1001 559 1122 614 eique
1153 560 1314 609 affines,
1356 574 1451 599 culn
1485 559 1610 599 Todz's
1639 559 1811 600 omnino
1840 559 1885 599 in
1913 575 2042 600 unum

361 649 489 690 genus
519 636 704 676 naturale
736 635 995 682 coalescunt,
1040 636 1150 688 quod
1188 639 1307 675 rostri
1337 635 1465 688 figura
1493 635 1684 689 depressa
1714 633 1954 684 latiuseula,
2002 644 2044 675 et

360 711 554 752 vibrissae
584 710 665 750 oris
694 709 940 764 insigniores
971 710 1166 764 pedesque
1194 708 1313 764 parvi
1343 725 1365 748 a
1392 709 1543 749 Turdis
1587 720 1627 749 et
1676 709 1905 751 Motacillis
1948 708 2046 750 satis

362 785 635 840 distinguunt.
697 786 802 824 Todz·
832 798 1007 831 nomen,
1052 784 1163 838 quod
1193 795 1285 838 post
1318 783 1499 838 primum
1529 787 1823 826 Brownium
1853 783 2047 825 adhibuit

363 864 678 907 Brissonius,
709 858 815 899 mihi
845 874 1008 913 quoque
1039 858 1151 913 prius
1182 857 1397 905 arriserat,
1428 874 1555 913 quum
1585 859 1705 913 hujus
1734 859 1895 914 generis
1926 874 2047 900 avem

362 938 690 990 leucoceplzalam
730 935 774 975 in
818 934 1057 990 spicilegiis
1088 932 1324 987 Zoologicis
1353 933 1518 988 pridem
1548 934 1770 990 descripsi3
1814 935 1948 975 Malui
1990 946 2047 974 ta<

363 1025 460 1050 men
489 1025 596 1049 nunc
626 1012 862 1050 L'z'nnaeana
905 1008 1186 1064 appellatione
1231 1007 1395 1062 generis
1424 1008 1498 1048 uti.
1572 1010 1653 1049 Sed
1696 1024 1870 1058 moneo,
1912 1010 2049 1064 plures

365 1083 465 1125 huic
496 1084 654 1124 auctori
683 1085 813 1126 dictas
844 1084 1102 1139 Muscicapas
1130 1083 1282 1139 partim
1313 1084 1364 1124 ad
1395 1083 1565 1130 Lamos,
1596 1083 1749 1139 partim
1779 1085 1831 1124 ad
1860 1084 2052 1125 Motacil-

365 1160 424 1201 las
453 1160 688 1200 referendas
719 1176 825 1201 esse:
856 1160 937 1199 nisi
965 1159 1089 1209 velis,
1121 1175 1216 1200 cum
1245 1161 1512 1215 Scopolio,
1545 1159 1789 1200 Motacillae
1821 1175 1948 1215 genus
1978 1174 2049 1199 nu-

365 1249 573 1276 merosum
615 1235 906 1285 subdividere,
951 1235 1109 1290 species
1154 1235 1278 1290 paulo
1316 1233 1511 1275 crassiore
1543 1246 1674 1274 rostro
1704 1246 1746 1275 et
1775 1246 1959 1289 mystace
1988 1233 2049 1273 in·

366 1309 550 1364 signiore
591 1310 826 1365 praeditas,
872 1309 1106 1363 disjungere
1149 1321 1191 1349 et
1232 1325 1326 1349 cum
1379 1309 1568 1348 affinibus
1620 1308 1730 1352 inter
1771 1308 2052 1349 Brissonianas

368 1384 648 1440 Muscicapas,
687 1386 760 1425 sub
791 1385 960 1425 nornine
991 1386 1158 1438 Sylviae
1188 1398 1416 1423 recensere.
1477 1384 1525 1422 Id
1555 1397 1632 1438 ego
1663 1384 1797 1423 facere
1828 1383 1928 1424 ideo
1956 1382 2052 1424 hae-

369 1459 512 1510 sitavi,
557 1461 669 1515 quod
711 1475 794 1500 non
824 1460 921 1500 satis
950 1459 1141 1514 gravibus
1170 1458 1350 1499 criteriis
1379 1456 1454 1497 has
1485 1457 1665 1499 aviculas
1707 1458 1875 1498 differre
1904 1458 2053 1499 video:

368 1535 540 1575 interim
568 1547 709 1575 tamen
739 1535 832 1576 illas
862 1534 1146 1576 subdivisione
1177 1533 1363 1589 generis,
1408 1534 1635 1574 secundum
1664 1533 1879 1581 habitum,
1922 1547 2055 1589 segre-

371 1622 484 1666 gatas
512 1610 620 1651 infra
648 1611 802 1651 sistam.

436 1686 560 1724 101.
652 1677 1149 1723 MUSCICAPA
1222 1678 1461 1722 Grisola.
1528 1680 1667 1722 TAB.
1706 1678 1895 1721 XXIV.
1935 1677 1992 1720 A.

509 1753 569 1792 Μ.
601 1767 721 1807 supra
749 1751 1027 1798 cinerascens,
1064 1751 1205 1790 subtus
1235 1750 1394 1799 albida,
1437 1749 1595 1790 vertice
1638 1749 1829 1798 lituram,
1873 1745 2052 1788 rectrici-

372 1826 448 1866 bus
476 1824 668 1866 omnibus
698 1825 836 1865 fuscis.

592 1898 776 1949 Glisola,
805 1900 1060 1940 Aldrovand.
1091 1915 1173 1940 orn.
1202 1900 1255 1939 ΙΙ.
1301 1914 1340 1953 p.
1371 1905 1463 1952 737.
1508 1914 1548 1953 p.
1577 1904 1670 1952 738.
1720 1897 1939 1952 Willughb.
1970 1911 2053 1937 orn.

646 1991 686 2029 p.
724 1981 809 2015 153.
840 1977 931 2032 Raj.
963 1991 1027 2014 av.
1070 1991 1109 2031 p.
1142 1981 1206 2014 81.

589 2052 659 2091 An
689 2050 904 2106 Stoparola
933 2050 1003 2090 vel
1033 2049 1273 2104 Stoparolae
1303 2046 1472 2098 similis,
1518 2048 1736 2103 Willughb.
1766 2063 1848 2089 orn.
1892 2063 1932 2103 p.
1969 2053 2055 2099 159.

595 2126 779 2166 Curruca
815 2125 1026 2172 subfusca,
1057 2126 1207 2165 Frisch.
1237 2140 1300 2164 av.
1330 2124 1414 2165 tab.
1448 2141 1511 2165 22.

594 2201 836 2257 Musci'capa
865 2199 1048 2249 Grisola,
1078 2202 1256 2241 Brisson.
1286 2215 1369 2240 orn.
1398 2201 1451 2240 Η.
1483 2215 1521 2255 p.
1553 2205 1646 2252 357.
1687 2198 1771 2239 tab.
1803 2205 1868 2241 35.
1903 2199 1986 2253 fig.
2018 2202 2056 2239 3.

647 2276 797 2328 (nimis
826 2280 1008 2332 magna).
1055 2278 1144 2316 Lin.
1188 2285 1292 2329 syst.
1321 2277 1417 2318 XII.
1444 2277 1480 2317 Ι.
1525 2291 1566 2331 p.
1596 2281 1689 2318 328.
1718 2289 1779 2329 spa
1810 2290 1875 2316 ρο.
1917 2273 2054 2315 ΠἈιι-

654 2352 758 2392 benc.
789 2355 885 2408 pict.
916 2352 1000 2392 tab.
1032 2358 1124 2393 565.
1143 2352 1228 2406 fig.
1261 2369 1295 2391 1.

491 2426 631 2466 Rossis
659 2428 928 2479 Machelofha
956 2426 1250 2481 (Muscicapa).
