2196 2927
1191 221 1333 228 ———-

429 203 519 254 406

566 311 739 348 Descr.
795 305 1040 361 Magnitudo
1082 302 1350 346 Collurionis.
1422 304 1556 360 Caput
1584 318 1703 359 supra
1734 303 2102 360 ferrugineo-gry-

430 401 562 433 seum‚
608 394 741 424 tractu
780 380 1040 437 supraciliari
1084 381 1200 427 albo,
1233 382 1449 436 fasciaque
1489 379 1573 419 lata
1602 379 1739 434 nigra,
1786 395 1807 419 a
1837 391 1989 430 rostro,
2031 396 2106 436 per

422 460 591 506 oculos,
635 459 687 498 ad
725 473 839 498 aures
877 459 1014 497 ducta.
1086 458 1243 512 Corpus
1272 471 1391 511 supra
1428 455 1855 510 grymo-cinereum,
1904 461 2106 511 uropygz'o

427 534 596 574 exolete
627 533 875 588 ferrugineo.
933 533 1081 572 subtus
1111 511 1252 572 albiclo
1287 532 1513 578 lutescens,
1543 546 1681 571 versus
1711 532 1840 571 latera
1871 530 2106 579 saturatius3

424 613 528 664 gula
558 608 718 657 albida3
756 613 924 649 crissum
953 606 1190 647 candidum.
1251 611 1354 647 Alae
1384 606 1658 661 nigricantes‚
1704 606 1795 647 basi
1824 608 1963 646 subtus
1994 606 2107 646 alba:

427 689 598 738 remiges
633 702 691 735 19.
721 683 856 739 prima
896 682 1055 731 brevis,
1104 697 1245 722 omnes
1290 683 1423 722 limbo
1467 682 1673 722 exteriore
1703 681 1886 737 pall-idm
1929 686 2109 721 tectrices

429 758 547 814 apice
578 774 725 813 gryseo
754 757 1022 811 marginatae.
1082 758 1227 797 Cauda
1257 757 1575 812 decempennis,
1606 756 1774 797 brevior
1797 773 1921 812 quam
1951 757 1995 797 in
2025 772 2110 797 om-

428 835 549 873 nibus
579 832 943 888 praecedentibus,
976 831 1062 871 imo
1091 847 1263 886 corpore
1296 832 1484 882 brevior,
1516 831 1652 872 obiter
1681 834 1920 881 rotundam,
1952 833 2110 873 extima

429 909 622 963 utrinque
660 923 796 962 penna
833 907 966 947 multo
1008 907 1220 956 breviore,
1264 919 1350 948 tota
1393 908 1837 962 gryseo-fuscescens,
1879 909 2111 948 rectricibus

432 982 624 1037 utrinque
662 982 872 1037 quaternis
911 981 1028 1037 apice
1074 982 1239 1023 albidis.
1312 985 1437 1024 Pedes
1478 981 1600 1036 nigri.
1670 983 1800 1021 Pedes
1840 983 1964 1038 paulo
2004 983 2111 1022 ultra

432 1056 649 1097 drachmas
680 1072 844 1098 novem.
904 1059 1036 1098 Coeca
1065 1057 1220 1106 exilia3
1252 1058 1434 1098 vesicula
1464 1059 1587 1098 fellea
1617 1058 1745 1097 nulla.

567 1134 711 1173 Nota.
770 1134 1143 1174 Messersclzmidius
1173 1133 1217 1173 in
1247 1135 1329 1174 suis
1359 1134 1519 1174 notavit
1549 1149 1754 1174 mensuras
1784 1143 2019 1188 sequentes:
2062 1132 2112 1171 ab

433 1207 551 1262 apice
596 1208 716 1248 rostri
753 1209 805 1248 ad
832 1208 1083 1264 uropygium
1114 1210 1172 1258 ltu.
1211 1210 1272 1250 1'‘'.
1307 1211 1462 1250 caudae
1495 1210 1553 1250 3¹².
1585 1210 1666 1250 δέω.
1717 1209 1871 1248 alarum
1916 1222 2113 1262 expansa-

435 1298 525 1325 rum
563 1289 642 1324 20²⁷·
673 1283 741 1325 5'‘'.
774 1283 893 1324 rostri
923 1283 992 1324 8''‘.
1024 1284 1095 1322 secl
1125 1294 1241 1323 erant
1270 1285 1456 1339 pondere
1486 1283 1636 1324 nostris
1666 1283 1790 1339 paulo
1819 1281 2049 1322 inferiores.

975 1487 1128 1536 VIII.
1220 1488 1257 1538 P
1329 1489 1351 1536 I
1422 1488 1465 1536 C
1539 1488 1572 1536 I.

573 1592 725 1632 Genera
754 1606 859 1647 quae
890 1589 1012 1631 unica
1043 1593 1111 1632 vel
1139 1592 1358 1647 perpaucis
1388 1592 1606 1648 speciebus
1630 1593 1861 1633 consistunt
1890 1602 1932 1631 et
1962 1607 1984 1631 a
2014 1595 2116 1631 Zoo-

434 1665 542 1721 logis
573 1678 614 1706 et
645 1667 858 1708 Botanicis
899 1672 1050 1722 (nuper
1078 1678 1120 1707 et
1150 1684 1171 1707 a
1200 1667 1489 1722 Mineralogis)
1535 1670 1639 1708 adeo
1683 1667 1806 1708 facile
1847 1682 1955 1707 nunc
1992 1667 2115 1720 adop-

435 1752 597 1791 tantur,
640 1741 749 1782 mihi
786 1743 1030 1797 plerumque
1068 1753 1239 1781 naturae
1269 1742 1461 1782 instituto
1492 1743 1724 1783 consentire
1754 1742 1867 1782 haud
1909 1740 2114 1788 videntur,

438 1818 511 1855 sed
540 1817 767 1855 maximam
796 1828 957 1871 partem
987 1827 1079 1856 sunt
1107 1817 1357 1856 naturalium
1393 1833 1591 1872 generum
1636 1818 1861 1871 singulares
1904 1813 2116 1869 exceptio-

440 1903 534 1939 nes,
579 1889 729 1944 quibus
767 1893 927 1929 Natura
955 1890 1110 1944 ubique
1141 1890 1362 1930 creationis
1392 1891 1633 1946 praesertim
1676 1891 1895 1946 organicae
1938 1900 2116 1944 systema

434 1963 599 2003 >variare
630 1965 800 2004 studuit.
858 1967 919 2004 Eo
949 1979 1067 2004 sensu
1095 1969 1271 2020 Jyngem
1308 1981 1402 2006 cum
1432 1965 1540 2006 Picis
1569 1967 1789 2021 conjunxi,
1833 1980 1957 2021 quem
1986 1963 2117 2004 norni-

433 2053 493 2078 =ne
524 2039 719 2093 generico
750 2040 994 2081 distinctum
1023 2039 1235 2096 hucusque
1274 2040 1547 2097 Ornithologi
1590 2042 1711 2082 facile
1757 2056 1899 2082 omnes
1942 2040 2117 2080 colloca-

422 2124 556 2161 :runt,
585 2127 766 2171 excepto
796 2118 1037 2165 Linnaeo,
1068 2116 1141 2172 qui
1169 2116 1281 2172 prius
1312 2116 1431 2156 illum
1463 2118 1513 2157 ad
1545 2118 1741 2168 Cuculos,
1788 2116 2021 2158 inconsulta
2051 2118 2116 2153 na*-

439 2199 530 2228 tura
559 2191 803 2232 deduxerat.
862 2193 1020 2232 Eodem
1063 2202 1305 2246 argumento
1346 2192 1452 2232 inFra
1482 2193 1771 2248 Caprimulgos
1801 2209 1896 2234 cum
1925 2187 2116 2231 Hirundi-

443 2279 541 2303 num
573 2280 724 2319 genere
756 2271 1016 2322 conjungam.
1079 2268 1251 2308 Nullam
1282 2267 1395 2308 enim
1424 2267 1468 2308 in
1498 2267 1565 2308 his
1606 2268 1729 2308 aliam
1775 2283 1916 2308 veram
1959 2261 2115 2320 generi-

446 2353 517 2377 cae
561 2340 823 2382 differentiae
866 2354 1006 2382 notam
1048 2342 1262 2390 invenias,
1307 2358 1428 2397 quam
1460 2345 1660 2391 caudam3
1703 2358 1807 2397 quae
1837 2342 1870 2383 si
1898 2342 2115 2387 sufficeret,

448 2422 536 2452 turn
566 2415 713 2464 etiam,
751 2418 1060 2472 aequabilitatis
1090 2419 1203 2473 lege,
1249 2417 1422 2459 Certhia
1452 2417 1687 2467 familiaris,
1731 2417 1971 2458 rectricibus
2000 2413 2116 2453 Pico·
