2196 2927
393 171 480 215 240
1158 169 1305 193 ...Ξ-..τ

399 284 550 326 nempe
579 270 690 325 pelle
720 269 849 309 fareta
880 267 1004 309 vituli
1032 282 1155 309 muco
1185 265 1358 322 vaginae
1386 266 1529 307 matris
1558 265 1748 316 inuncta;
1775 269 1846 309 ⁴vel
1877 272 1940 323 (ut
1958 272 2073 310 Jacu-

401 347 435 385 ti
466 345 640 398 faciunt)
671 345 808 399 capite
838 344 926 385 solo
955 344 1078 384 vituh
1105 359 1199 384 cum
1230 358 1410 399 appensa
1438 343 1586 390 cauda3
1629 357 1700 382 seu
1735 344 1905 383 tandem
1932 356 1977 384 ut
2004 344 2072 385 iis-

400 421 519 470 dem,
551 434 680 474 aeque
710 435 756 460 ac
784 419 994 473 Mongolis
1024 430 1067 460 et
1097 418 1330 460 Calmuccis
1359 418 1404 458 in
1434 432 1547 458 more
1585 428 1667 464 est,
1711 432 1780 457 ore
1809 417 1854 458 in
1883 418 2072 459 animalis

401 509 522 534 anum
553 496 781 542 sufflantes,
809 495 878 534 vel
907 508 1090 549 pugnum
1119 493 1292 548 vaginae
1316 493 1596 542 intrudentes,
1629 507 1710 547 quo
1733 493 1841 532 facto
1867 492 1930 532 lac
1955 493 2073 535 emit-

396 581 491 610 tunt
521 584 671 610 vaccae
701 570 1007 625 pleraeque.—
1035 569 1161 623 Apud
1189 567 1428 608 idolatricas
1458 567 1636 608 Sibiriae
1667 579 1809 622 gentes
1838 569 1974 622 quoad
2004 583 2070 608 co·

397 644 530 685 lorem
561 643 800 699 superstitio
837 643 951 692 talis,
990 655 1037 683 ut
1065 643 1181 697 nigra
1212 642 1408 682 animalia
1436 642 1638 683 sacrificio
1670 643 1921 683 daemonum
1950 642 2073 683 desti-

397 730 492 758 nata
523 721 712 765 credant,
759 730 800 759 et
842 717 1072 758 hostiarum
1102 717 1311 771 nigrarum
1338 719 1470 772 pelles
1501 718 1638 773 capite
1668 718 1860 757 deorsum
1889 718 2074 772 pendulo

397 794 667 848 suspendant3
699 793 818 833 bonis
848 804 990 833 contra
1021 791 1154 846 geniis
1183 791 1463 831 sacrificantur
1492 807 1642 832 vaccae
1674 792 1816 840 albae,
1849 792 1918 832 vel
1947 793 2074 842 rufae,

397 882 469 908 ore
500 868 616 915 albo,
646 882 868 922 earumque
898 867 1029 922 pelles
1059 866 1197 921 capite
1234 881 1391 905 sursum
1430 868 1670 921 adfiguntur.
1694 892 1749 899 —-
1785 869 1923 907 Laetis
1950 866 2077 922 pluri-

398 958 487 983 mus
517 955 558 982 et
585 942 809 997 multiplex
839 953 899 982 est
926 957 1040 987 usus,
1085 940 1197 994 quod
1239 951 1378 980 tamen
1415 942 1588 981 crudum
1618 953 1660 981 et
1688 956 1833 981 recens
1866 942 1979 981 nulla
2008 955 2079 982 no-

401 1017 564 1057 madica
606 1032 705 1071 gens
747 1018 959 1070 degustat,
1012 1017 1140 1056 crudo
1183 1014 1372 1069 sanguini
1415 1027 1712 1070 comparantes.
1783 1015 2078 1057 Acidefactum

394 1105 542 1131 omnes
573 1091 742 1146 copiose
772 1091 816 1130 in
847 1091 943 1131 cibo
973 1102 1015 1130 et
1042 1102 1143 1146 potu
1172 1089 1396 1142 adhibent,
1425 1090 1512 1130 imo
1542 1089 1662 1130 acido
1692 1091 1800 1130 lacte
1831 1088 1958 1131 etiam
1987 1103 2078 1130 vac-

398 1165 516 1212 dno,
546 1165 714 1221 copiose
743 1164 910 1215 hausto,
940 1165 1219 1213 inebriantur,
1249 1165 1403 1205 minori
1432 1176 1572 1205 tamen
1602 1166 1730 1219 gradu
1754 1181 1877 1220 quam
1908 1164 2076 1218 equino,

395 1250 443 1279 ¹et
471 1240 574 1280 item
604 1240 795 1295 spiritum
831 1255 884 1280 ex
920 1239 1016 1288 illo,
1060 1239 1221 1280 minore
1262 1239 1364 1279 licet
1416 1239 1648 1294 quantitate
1691 1237 1974 1278 destillatione
2005 1237 2079 1278 eli-

402 1314 531 1354 ciunt.
591 1315 709 1354 Plura
739 1311 762 1354 e
791 1314 899 1354 lacte
929 1325 1189 1369 praeparata,
1222 1329 1382 1354 cremor
1403 1312 1524 1354 lactis
1549 1313 1725 1353 recentis
1749 1313 1884 1362 cocti,
1923 1328 2078 1364 caseus,

402 1389 596 1443 butyrum
628 1388 854 1443 agitatione
886 1389 952 1428 vel
982 1389 1172 1428 coctione
1210 1399 1518 1443 praeparatum,
1562 1386 1789 1442 pulticulae
1819 1402 1841 1427 e
1871 1388 2079 1428 radicibus

398 1463 526 1504 variis
558 1463 789 1517 (Liliorum
820 1475 860 1502 et
892 1462 1138 1518 Erythronii
1168 1462 1326 1510 bulbis,
1368 1461 1581 1502 tuberibus
1612 1461 1737 1514 Lath3
1753 1462 1816 1511 ri,
1862 1462 2078 1506 Fumariae

395 1549 444 1578 et
486 1538 694 1578 radicibus
738 1539 942 1593 Hedysari
984 1538 1164 1578 lenensis
1205 1537 1423 1590 edulibus)
1466 1536 1534 1577 vel
1572 1551 1667 1576 cum
1696 1536 1803 1578 libro
1831 1536 2006 1592 pinastri
2034 1536 2079 1577 in

402 1611 511 1653 lacte
539 1624 706 1660 coctae,
738 1616 794 1666 (ᾖ)
839 1613 963 1654 variis
993 1612 1186 1668 gentibus
1215 1611 1461 1669 praecipuus
1499 1622 1592 1651 sunt
1622 1611 1758 1660 cibus,
1802 1623 1967 1667 praeter
1996 1626 2079 1652 car-

394 1698 558 1728 *nesaa—
589 1691 720 1727 Boves
751 1689 801 1727 ad
832 1689 1013 1742 plaustra
1042 1700 1084 1728 et
1113 1699 1290 1727 aratrum
1329 1686 1535 1726 adhibent
1580 1687 1688 1740 apud
1730 1701 1803 1725 nos
1845 1684 2077 1734 Malorossi,

404 1762 716 1802 Tauro-Tamti
746 1773 789 1801 et
820 1762 1031 1809 Ce1·kessi;
1062 1762 1276 1816 portandis
1305 1761 1499 1802 oneribus
1530 1771 1573 1800 et
1601 1760 1792 1800 foeminis
1820 1775 1894 1814 pro
1919 1759 2079 1814 inequi-

400 1837 534 1876 tando
564 1835 747 1876 serviunt
771 1837 879 1890 apud
904 1837 1169 1882 (Ialmuccos,
1199 1835 1570 1890 Kirgiso-tataros,
1601 1835 1821 1889 Mongolos
1845 1845 1885 1874 et
1900 1838 2078 1874 Jacutos.

539 1912 579 1954 β.
615 1912 761 1958 Urus,
790 1912 875 1950 fera
907 1911 995 1951 sine
1026 1911 1154 1951 dubio
1179 1909 1304 1965 stirps
1335 1912 1508 1951 armenti
1539 1910 1688 1957 nostri,
1718 1920 1881 1965 praeter
1910 1908 2080 1950 Lithua-

399 1984 498 2026 hiae
520 1996 571 2024 et
602 1985 839 2025 Moldaviae
870 1986 1004 2040 sylvas
1041 1996 1084 2025 et
1120 2000 1346 2025 nemorosa
1392 1986 1567 2027 Caucasi
1607 1985 1798 2040 nuspiam
1841 1984 1948 2039 apud
1990 1998 2077 2033 nos,

399 2071 454 2100 ‘ne
488 2060 667 2099 >nomine
715 2060 886 2115 quidem
931 2072 1072 2110 notus,
1117 2060 1218 2100 licet
1248 2071 1347 2101 *tota
1387 2061 1560 2117 Imperii
1596 2058 1930 2116 septentrionalis
1958 2058 2079 2114 plaga

471 2172 522 2215 (*)
552 2175 590 2203 In
620 2173 896 2204 trans-lenensi
924 2176 1068 2215 regione
1097 2173 1243 2205 Sibiriae
1278 2175 1415 2216 species
1443 2172 1616 2215 quaedam
1646 2172 1874 2215 Claytoniae,
1909 2170 2078 2202 tuberosa

552 2232 697 2272 radice,
740 2235 773 2264 in
810 2233 1002 2274 paludibus
1038 2235 1186 2273 crescit,
1227 2237 1327 2276 cujus
1362 2232 1572 2272 tubercula,
1613 2243 1726 2275 pauca
1753 2233 1952 2274 quantitate
1992 2228 2078 2260 laeti

557 2293 700 2323 incocta
728 2294 763 2324 in
790 2292 913 2334 gluten
942 2292 1033 2323 illud
1061 2294 1215 2334 spissant
1235 2295 1527 2333 tenacissimum,
1556 2295 1657 2333 grate
1678 2291 1836 2330 acidum,
1863 2289 1958 2332 quod
1984 2288 2078 2323 ,vesi-

555 2360 617 2381 cae
645 2352 824 2384 inclusum
850 2351 930 2394 diu,
971 2362 1037 2394 pro
1064 2351 1240 2384 fermento
1269 2353 1451 2385 aciditatis
1477 2352 1680 2384 conservari
1707 2353 1838 2393 potest.
