2196 2927
868 184 1011 206 :-
1686 186 1773 225 44?

238 283 555 337 Amiqnioribus
585 282 749 322 nonnisi
779 283 946 322 confuse
978 280 1143 335 cognita
1173 280 1278 326 avis,
1318 281 1541 338 paucisque
1572 282 1772 323 recentio-

104 374 191 399 rum
222 359 308 398 visa
338 370 378 398 et
408 359 451 398 in
480 374 551 398 suo
581 373 730 413 genere
760 357 965 397 coloribus
996 357 1149 410 pariter
1193 366 1235 394 et
1277 356 1384 396 thae
1415 373 1566 412 genere
1595 358 1771 412 singula-

100 434 175 483 ris,
219 434 262 473 in
294 434 474 473 maxime
506 432 758 488 rupestribus
797 431 991 479 Sibiriae,
1037 430 1243 470 lubentius
1275 431 1423 485 aprich
1454 445 1495 472 et
1526 433 1769 488 praeruptis,

99 509 210 549 circa
240 510 424 549 Alta'i'cos
461 519 619 548 montes
666 519 707 546 et
748 506 793 545 in
834 506 948 546 omni
990 507 1159 560 regione
1202 506 1540 546 transbaicalensi
1580 509 1771 562 frequens

100 596 174 624 est.
245 584 418 624 Tardius
462 581 709 631 Motacilhs,
752 582 986 635 Tui-disque
1029 579 1201 635 reliquis
1232 591 1273 620 et
1304 581 1445 620 adulto
1476 582 1643 621 demum
1674 595 1769 621 vere

99 659 278 699 advolat.
351 659 456 698 Cum
486 656 640 710 insigni
671 657 848 696 fistulatu
879 671 953 710 per
982 672 1078 695 saxa
1108 667 1148 695 et
1179 654 1426 710 praecipitia
1468 657 1668 703 desultat‚
1710 672 1769 696 ra-

96 734 259 788 riusque
290 733 421 779 volat,
459 733 530 771 sed
561 748 582 771 a
612 743 805 772 venatore
836 730 985 771 fissuris
1016 730 1179 785 rupium
1210 744 1297 770 sese
1328 730 1450 770 facile
1479 742 1645 771 tutatur.
1704 731 1770 770 Ibi

93 820 135 848 et
166 808 309 848 nidum
338 808 496 848 condit.
567 808 716 847 Adulti
746 806 845 847 hinc
875 805 1125 846 difficillime
1155 805 1410 846 occiduntur.
1481 809 1613 845 Datur
1642 804 1768 845 etiam

94 884 137 924 in
169 885 351 925 Caucaso
381 894 422 922 et
451 883 495 922 in
527 883 732 923 montanis
762 882 923 923 Persiae
955 881 1172 936 hybernat.
1232 881 1382 921 Colore
1411 882 1635 921 secundum
1662 892 1768 921 aeta<

92 971 177 999 tem
208 959 431 998 admodum
461 958 611 1005 variat3
641 957 748 1013 pulli
776 969 916 998 tamen
946 956 1118 996 masculi
1149 967 1344 996 autumno
1372 960 1454 1011 jam
1483 956 1768 1012 plumaginem

93 1034 326 1075 adultorum
357 1033 561 1073 aemulam
590 1032 780 1073 induunt.
847 1035 936 1072 Lin
948 1047 1102 1072 naeus
1132 1046 1153 1071 e
1184 1031 1344 1085 juniore
1374 1031 1557 1086 speciem
1586 1031 1767 1086 descrip-

93 1109 158 1150 sit.
216 1111 470 1149 Brissonii
500 1107 726 1163 descriptio
755 1107 852 1148 satis
882 1109 985 1158 fida,
1030 1108 1101 1148 sed
1130 1106 1316 1147 foemina
1345 1117 1387 1147 et
1414 1106 1622 1160 juniorum
1651 1107 1765 1146 color

89 1199 164 1240 pro
195 1184 391 1224 distincta
419 1183 557 1238 specie
588 1183 800 1238 imposuit.

227 1261 397 1299 Descr.
454 1258 617 1297 Adulti:
647 1259 890 1312 Magnitudo
921 1257 1027 1297 infra
1058 1260 1265 1298 Sturnum.
1323 1259 1512 1298 Rostrum
1540 1257 1762 1312 nigricans,

87 1336 159 1375 sed
191 1334 330 1389 anguli
359 1333 440 1373 oris
470 1344 511 1372 et
542 1348 585 1372 os
616 1331 726 1372 intus
755 1332 990 1373 flavissima.
1048 1333 1178 1372 Nares
1200 1333 1348 1371 nudae.
1405 1333 1487 1372 Pili
1508 1332 1612 1371 nulli
1643 1347 1762 1387 supr-a

88 1409 171 1450 oris
202 1410 384 1463 angulos.
455 1410 560 1448 Lora
597 1407 883 1448 fuscescentia.
958 1410 1092 1462 Caput
1121 1423 1216 1447 cum
1246 1407 1356 1447 60110
1385 1418 1474 1446 toto
1504 1407 1637 1447 dilute
1668 1423 1761 1462 cya-

85 1499 229 1533 neum,
261 1483 413 1539 plumis
443 1483 533 1524 basi
563 1483 887 1523 canescentibus.
946 1485 1124 1523 Dorsum
1154 1482 1294 1535 nigr0‚
1340 1482 1675 1532 coeruleseente,
1708 1484 1763 1523 al-

85 1561 222 1614 boque
252 1559 478 1599 nebuloso-
496 1558 759 1598 maculatum.
816 1561 991 1599 Alarum
1012 1559 1127 1598 bases
1152 1572 1270 1611 supra
1286 1555 1450 1611 nigrum
1479 1558 1762 1598 coerulescen-

85 1646 160 1674 tes.
230 1635 490 1689 Uropygium
519 1634 679 1680 album,
720 1647 857 1673 versus
885 1634 1057 1673 caudam
1088 1634 1228 1674 fusco-
1246 1632 1555 1672 coerulescente
1585 1632 1759 1672 varium.

84 1711 227 1750 Pectus
254 1720 296 1748 et
327 1709 550 1757 abdomen,
584 1709 755 1763 alaeque
785 1709 924 1748 subtus
954 1707 1115 1748 intense
1146 1709 1280 1755 fulva3
1319 1712 1487 1747 crissum
1515 1707 1757 1757 obsoletius,

83 1784 216 1824 lituris
246 1783 404 1838 aliquot
432 1783 674 1823 transversis
704 1783 840 1823 fuscis.
910 1785 1098 1836 Remiges
1140 1783 1295 1822 alarum
1339 1783 1539 1834 (caudam
1584 1795 1760 1836 aequan-

82 1859 205 1911 tium)
241 1860 516 1914 tectricesque
547 1857 772 1899 obsoletius
802 1858 957 1913 nigrae.
1029 1858 1174 1897 Cauda
1205 1855 1408 1912 aequaliS,
1453 1871 1547 1896 cum
1575 1855 1757 1896 tectrici-

82 1935 157 1973 bus
187 1933 266 1973 suis
296 1936 409 1981 rufa,
449 1933 624 1973 rectrice
667 1933 806 1973 inedia
848 1944 955 1981 tota,
1000 1932 1158 1971 extima
1205 1933 1334 1971 latere
1375 1930 1754 1971 exteriore-fusca.

81 2008 208 2048 Pedes
244 2008 493 2053 mediocres,
540 2007 664 2056 fusci,
707 2006 923 2047 tibialibus
967 2006 1172 2046 indivisis.
1244 2006 1353 2045 Ulna
1394 2005 1550 2043 alarum
1592 2005 1652 2053 4”.
1683 2010 1754 2058 7'‘'.

82 2084 211 2123 cauda
243 2083 299 2123 2''.
329 2083 460 2122 tibiae
497 2085 549 2122 1‘.
587 2084 649 2122 1²¹2
679 2081 833 2135 digitus
868 2081 1050 2136 posticus
1095 2084 1216 2133 (cum
1245 2093 1380 2133 ungue
1411 2081 1506 2131 δ”.)
1549 2083 1619 2130 7”’.
1687 2080 1752 2120 Ju-

83 2163 169 2197 nior
212 2157 297 2197 avis
339 2157 602 2197 Linnaeanae
644 2156 917 2211 descriptioni
960 2154 1130 2194 omnino
1171 2155 1416 2208 respondet,
1461 2164 1503 2193 et
1529 2154 1752 2195 Scellero

83 2243 206 2286 atque
237 2234 462 2273 Gmelino
492 2248 571 2273 sen.
605 2231 759 2287 pariter
786 2245 861 2286 pro
891 2229 1087 2270 distincta
1115 2228 1252 2283 specie
1282 2227 1427 2267 habita
1455 2239 1529 2268 est.
1588 2231 1636 2268 In
1665 2232 1751 2284 pul·

80 2310 131 2347 lis
174 2322 323 2362 nempe
364 2308 497 2363 prima
529 2318 702 2347 aestate:
744 2307 933 2346 Rostrum
975 2306 1156 2351 fuscum,
1201 2303 1360 2358 angulis
1394 2302 1475 2343 oris
1504 2302 1749 2358 prominulis

83 2381 209 2423 flavis.
283 2385 404 2424 Color
433 2383 615 2439 corporis
644 2383 729 2424 fere
758 2381 829 2438 qui
858 2379 1073 2422 Lusciniae
1106 2380 1262 2431 furvus,
1306 2380 1445 2420 subtus
1475 2378 1658 2430 albidus,
1701 2377 1748 2419 in
