2196 2927
882 165 1031 190 ἰε-τε,-
1704 166 1790 214 239

122 267 272 309 Sibiria
300 267 373 308 ubi
402 267 628 308 maximam
655 266 817 323 par-fem
847 277 888 306 et
906 264 1109 305 'comibus
1139 276 1322 305 armenta
1359 275 1522 306 carent:
1581 264 1787 319 Montige-

121 359 173 383 na
203 359 301 383 vero
330 343 373 383 in
403 343 598 392 Taurica,
630 347 812 382 Caucaso
841 351 883 379 et
906 338 1266 393 temperatioribus
1292 341 1486 389 Sibil-iae,
1518 356 1644 396 parva
1673 340 1785 388 licet,

122 430 213 457 suut
245 418 547 464 robustissima,
591 415 775 470 agilitate
814 425 856 453 et
886 428 1005 454 cursu
1048 413 1245 453 tolutario
1289 420 1448 467 magnis
1489 415 1786 469 campestribus

122 493 243 548 longe
273 493 562 547 praeferenda,
600 490 767 545 quibus,
812 503 906 528 cum
936 502 1085 542 magno
1116 489 1284 534 roboro,
1326 503 1464 542 passus
1494 490 1627 528 lentus
1658 500 1698 528 et
1727 488 1786 528 ri-

120 582 183 606 rcs
215 567 348 607 minus
378 568 607 605 duraturae.
678 567 754 613 (In
792 562 880 602 istis
922 562 1158 616 regionibus
1203 573 1244 601 et
1286 561 1402 601 omni
1448 563 1592 602 Rossia
1621 563 1785 602 australi

120 653 254 682 aratro
284 652 323 680 et
355 640 533 680 oneratis
562 639 753 694 plaustris
783 638 966 678 maxime
1004 637 1119 691 jungi
1156 637 1333 689 solent.)
1357 663 1410 668 —
1448 639 1591 677 Colore
1628 637 1783 676 variant

119 717 163 756 in
194 715 434 756 australibus
464 713 654 762 Rossiae,
687 725 731 753 ut
760 714 804 753 iu
833 712 1063 767 Hungaria,
1096 711 1319 752 maximam
1349 723 1509 767 partem
1540 727 1660 759 cana,
1704 712 1787 750 leu-

119 789 327 845 cophaea,
356 790 424 829 vel
455 803 599 843 grysea
628 789 696 829 vel
727 788 886 834 albida,
916 787 984 827 vel
1015 787 1196 841 virgata,
1226 786 1430 826 anteriore
1461 785 1643 840 corporis
1673 797 1788 840 parte

116 866 361 920 plerumque
391 864 646 911 obscuriora3
676 863 720 903 in
748 861 894 902 Rossia
925 872 966 901 et
996 861 1148 901 Sibiria
1175 862 1282 907 rufa,
1318 860 1434 915 nigra
1463 862 1529 900 vel
1560 861 1788 909 maculosa,

118 940 321 993 albaque3
369 941 478 994 apud
521 939 764 980 Calmuccos
806 947 847 976 et
889 935 933 975 in
978 935 1272 977 Camtschatka
1314 935 1649 990 frequentissime
1695 936 1788 981 albo

104 1014 348 1061 maculosa,
392 1015 537 1053 crebro
566 1013 704 1052 media
732 1023 848 1067 parte
885 1012 1059 1051 laterum
1090 1011 1202 1057 alba,
1245 1011 1372 1050 etiam
1415 1010 1459 1049 in
1501 1010 1691 1050 Taurica.
1748 1011 1788 1048 A

118 1087 445 1127 verchoturiensi
471 1091 567 1142 jugo
591 1102 728 1127 versus
752 1087 957 1127 orientem
979 1085 1024 1125 in
1048 1085 1208 1139 frigidis
1230 1086 1451 1140 pleraeque
1480 1099 1628 1125 vaccae
1647 1099 1787 1124 excor-

115 1177 201 1202 neS.
260 1161 426 1216 Ubique
456 1163 541 1201 fere
570 1176 737 1202 ornnem
767 1160 931 1215 hyemis
959 1159 1274 1214 intemperiem,
1311 1171 1353 1199 et
1382 1174 1503 1213 saepe
1533 1161 1704 1207 famem,
1737 1158 1786 1197 si·

115 1251 168 1277 ne
198 1237 328 1277 multa
356 1236 574 1277 hominum
603 1249 697 1275 cura
727 1236 938 1290 perferunt
968 1245 1011 1274 et
1040 1249 1061 1273 e
1091 1234 1213 1273 terris
1255 1233 1419 1273 arcticis
1462 1233 1658 1273 muscosis
1699 1243 1785 1271 tan-

113 1322 205 1351 tum
235 1313 288 1351 ob
317 1311 461 1366 pabuli
490 1312 700 1351 defectum
731 1309 915 1348 exulant.
988 1309 1209 1349 Caeterum
1251 1307 1450 1362 hyemem
1480 1307 1682 1362 praerosis
1711 1311 1784 1347 Be-

117 1386 227 1425 tulae
257 1385 511 1434 fruticantis,
555 1385 673 1425 Ulmi
720 1384 903 1439 pumilae
946 1382 1120 1437 aliisque
1164 1383 1353 1437 virgultis
1398 1393 1441 1422 et
1488 1383 1677 1422 arborum
1720 1383 1787 1422 de-

98 1474 209 1500 >roso
239 1459 394 1500 cortice
423 1475 545 1514 saepe
575 1459 776 1508 tolerant,
819 1458 905 1498 imo
942 1458 987 1498 in
1017 1457 1331 1507 Camtschatca,
1375 1468 1420 1497 ut
1449 1458 1558 1512 apud
1588 1458 1787 1504 Islandos,

116 1533 251 1588 pisces
281 1533 407 1573 etiam
438 1534 655 1574 famelicae
684 1535 948 1573 manducant.
965 1557 1022 1564 —
1050 1532 1210 1572 Morbis
1238 1531 1504 1587 epidemicis,
1543 1532 1788 1586 praesertim

97 1612 268 1662 *angina
311 1611 613 1661 inflamatoria,
657 1608 701 1648 in
730 1607 876 1649 Rossia
915 1609 1060 1648 crebro
1091 1607 1328 1661 affliguntur
1355 1618 1397 1646 et
1425 1617 1603 1661 pereunt
1630 1621 1786 1646 armen—

115 1694 179 1731 ta3
221 1682 293 1723 vix
325 1685 432 1738 apud
462 1684 694 1730 Nomadas,
736 1698 813 1723 nec
842 1683 886 1722 in
917 1682 1081 1722 Sibiria.
1152 1684 1210 1721 At
1240 1681 1417 1722 Sibirica
1454 1691 1607 1720 aestate
1637 1696 1787 1736 magno

117 1772 238 1813 saepe
268 1773 439 1798 numero
470 1757 715 1798 occiduntur
745 1774 766 1797 a
796 1758 941 1797 morbo
964 1758 1108 1797 Furiae
1133 1757 1330 1810 analogo,
1358 1770 1428 1795 seu
1448 1757 1667 1808 furunculo
1685 1772 1787 1809 gan-

111 1848 333 1886 graenoso,
376 1832 622 1888 praesertim
658 1832 702 1871 in
743 1833 906 1887 aquosis
935 1830 1092 1886 campis
1123 1830 1373 1870 Isetensibus
1402 1841 1444 1870 et
1473 1829 1785 1870 Barabensibus.

116 1910 211 1946 Uno
241 1908 355 1947 enim
385 1923 491 1947 anno
522 1911 538 1960 ξ
549 1911 682 1960 1769.)
714 1909 758 1947 in
785 1906 1032 1948 Toboliensi
1062 1905 1262 1959 gubernio
1292 1906 1343 1944 ad.
1377 1916 1545 1945 centum
1574 1905 1790 1958 sexaginta

110 1981 252 2022 'millia
281 1983 418 2036 capita
446 1982 527 2023 hoc
555 1985 700 2022 morbo
729 1983 962 2037 perierunt:
991 1982 1072 2021 Sed
1100 1996 1182 2020 non
1213 1979 1433 2035 quotannis
1456 1990 1616 2019 tantum
1641 1978 1789 2018 saevit.

118 2059 326 2097 Laborant
355 2057 481 2096 etiam
510 2058 747 2111 frequenter
775 2058 1071 2110 Aegagropilis
1112 2070 1134 2094 e
1163 2054 1251 2108 pilo
1288 2053 1515 2108 compactis
1554 2064 1596 2092 et
1634 2053 1789 2092 Taenia

118 2132 372 2184 hydatigena
401 2142 441 2170 et
470 2142 695 2171 oestrorum
727 2130 871 2177 larvis3
916 2130 1039 2169 vituli
1082 2129 1208 2168 etiam
1251 2129 1395 2167 morbo
1438 2127 1691 2182 vertiginoso
1734 2142 1787 2167 ex

118 2205 332 2261 hydatulis
361 2205 604 2245 cerebri.—
631 2208 794 2244 Vaccae
824 2205 909 2243 fere
938 2203 1112 2257 ubique,
1142 2201 1222 2241 nisi
1252 2203 1480 2242 domestica
1524 2217 1619 2242 cura
1657 2218 1679 2241 a
1708 2200 1789 2257 pri-

115 2296 186 2321 mo
215 2291 336 2336 partu
365 2279 551 2335 apprime
580 2279 789 2327 coluntur,
822 2294 903 2318 non
927 2277 1008 2318 nisi
1032 2288 1245 2332 praesente
1269 2276 1402 2317 vitulo
1426 2276 1603 2331 mulgeri
1628 2276 1788 2331 patiun-

118 2365 196 2396 tur.
254 2355 394 2395 Plures
423 2365 562 2395 tamen
592 2354 690 2395 dolo
721 2354 788 2395 vel
817 2357 1177 2395 Hottentottorum
1218 2363 1317 2393 noto
1360 2351 1534 2393 artificio
1579 2351 1791 2402 falluntur,
