2196 2927
877 164 1021 194 ;...-.-..
1698 186 1777 225 4⁹¹

113 276 265 325 Contra
296 285 345 324 ad
373 281 552 337 Volgam
582 291 624 321 et
653 281 790 322 Obum
828 282 866 320 ss.
911 280 1136 327 ratramne,
1179 282 1278 323 aubi
1324 299 1523 340 nusquam
1567 283 1780 340 apparuit,

110 355 161 400 ne
191 360 362 415 quidem
393 359 444 399 ad
472 357 677 398 Jeniseam
707 366 748 396 et
777 356 821 396 in
850 356 1049 404 Dauurssa,
1094 357 1165 396 ubi
1206 369 1345 399 tamen
1387 359 1575 415 regiones
1619 358 1778 415 aptissi-

110 449 214 475 mae.
285 439 413 476 Deest
449 448 613 489 quoque
656 433 740 472 fere
784 431 827 472 in
870 432 1045 470 Taurica
1090 431 1363 474 Chersoneso.
1434 439 1543 476 Raro
1585 435 1782 491 exemplo

108 510 218 551 circa
249 508 490 565 Petropolin
519 507 678 548 occisus
708 506 786 547 fuit
816 505 1066 561 sporadicus.
1138 510 1207 548 Est
1239 520 1282 547 et
1310 508 1355 548 in
1385 512 1547 566 Europa
1578 511 1784 551 rarissima

110 585 216 635 avis,
256 597 299 625 ut
330 600 425 625 vera
453 582 586 639 patria
615 582 740 622 Asiae
770 584 930 622 deserta
960 581 1190 623 videantur.
1259 583 1356 623 Sine
1386 585 1513 625 dubio
1542 586 1655 626 enim
1683 585 1788 627 haec

113 672 205 702 sunt
233 661 457 702 Seleucides
498 673 592 699 aves
633 659 790 698 Plinii
829 669 869 698 et
900 673 994 698 aves
1022 660 1263 708 Malzometi‚
1309 675 1413 715 quae
1443 659 1486 700 in
1517 660 1677 701 oriente
1708 665 1783 703 Lo·

109 748 244 776 custas
275 735 580 790 depopulantur
606 744 648 774 et
677 745 789 783 sunt,
837 744 941 774 teste
969 734 1133 790 Josaph.
1163 735 1346 776 Barbam
1390 737 1519 791 (apud
1547 738 1786 777 Ramusium

131 814 198 852 ⁷02.
229 813 283 849 II.
312 827 351 866 p.
390 815 496 863 107.)
540 809 653 850 rubri
682 809 871 864 nigrique
903 808 1067 850 coloris.
1090 835 1144 840 —-
1174 811 1278 851 Cum
1310 811 1490 861 Sturnis,
1534 811 1578 852 in
1608 812 1786 867 regioni-

105 887 179 926 bus
210 885 382 934 nostris,
413 885 647 940 promiscue
678 896 999 939 congregantur,
1030 885 1212 925 maxime
1242 898 1334 941 post
1364 888 1582 928 educatam
1610 888 1785 943 prolem,

106 973 146 1001 et
177 976 308 1000 mares
344 961 472 1001 etiam
502 960 711 1001 distinctis
752 960 896 1000 turmis
940 960 1095 1000 volant.
1169 963 1249 1001 Sed
1292 962 1488 1003 maturius
1531 962 1692 1019 vulgari
1736 963 1786 1003 ad

106 1047 288 1076 austrum
320 1036 517 1091 migrant,
561 1035 753 1091 Julioque
785 1037 836 1076 ad
866 1037 1002 1076 Ubam
1044 1041 1126 1090 jam
1170 1036 1418 1092 disparuisse
1462 1040 1644 1086 adultOS,
1687 1039 1785 1079 solis

106 1111 232 1167 pullis
263 1111 499 1152 hornotinis
528 1110 639 1151 inter
668 1113 837 1166 Styrnos
862 1111 1049 1165 vulgares
1076 1111 1210 1152 adhuc
1233 1112 1523 1163 volitantibus,
1556 1115 1785 1155 observavi.

106 1190 154 1226 In
185 1186 359 1226 arbustis
391 1197 431 1225 et
462 1185 623 1241 pascuis
665 1187 871 1226 Meloides
914 1197 957 1226 et
997 1188 1264 1233 Sem-abacos,
1309 1188 1352 1227 in
1397 1189 1575 1229 collibus
1617 1190 1783 1244 Gryllos

104 1272 202 1301 tunc
231 1259 537 1315 copiosissimos
567 1261 732 1315 legunt,
777 1274 952 1316 suntque
996 1277 1018 1301 e
1055 1261 1289 1316 praecipuis
1330 1261 1479 1302 horum
1521 1264 1784 1305 destructori·

104 1337 200 1383 bus,
238 1351 332 1376 cum
370 1350 493 1376 corvo
524 1334 746 1391 frugilego,
792 1339 941 1378 Sturno
972 1336 1132 1391 vulgari
1162 1348 1204 1376 et
1233 1336 1480 1378 Pratincola.
1537 1339 1785 1381 Nidulantur

105 1411 149 1452 in
179 1410 294 1451 rimis
324 1422 365 1450 et
393 1410 624 1450 cavernulis
654 1411 859 1452 montium
888 1427 1127 1452 saxosorum
1155 1423 1196 1451 et
1226 1425 1559 1469 praeruptorum,
1594 1414 1785 1469 interque

106 1501 275 1527 acervos
305 1501 495 1526 saxorum
524 1487 786 1541 sepulcrales·
857 1487 1068 1528 Convenit
1108 1502 1204 1528 cum
1246 1488 1397 1529 Sturno
1440 1491 1599 1546 vulgari
1642 1491 1783 1534 colore

104 1562 313 1617 pullorum
343 1560 479 1616 primo
509 1576 615 1601 anno
645 1560 940 1602 cinerascente.

241 1638 339 1677 Des
353 1653 411 1677 cr.
469 1637 713 1691 Magnitudo
741 1637 865 1693 paulo
894 1652 1013 1692 supra
1059 1639 1254 1679 Sturnum
1297 1639 1521 1695 vulgarem.
1591 1643 1785 1684 Rostrum

104 1711 238 1752 minus
266 1723 546 1767 tetragonum,
578 1712 823 1761 convexius,
868 1711 1078 1752 levissime
1111 1726 1341 1765 arcuatum,
1386 1716 1652 1757 mandibulae
1681 1718 1786 1759 infe-

104 1786 222 1827 rioris
245 1788 429 1843 margine
455 1790 507 1828 ad
530 1787 647 1828 basin
669 1787 802 1827 minus
825 1787 1043 1828 evidenter
1065 1803 1274 1836 convexo,
1305 1805 1431 1844 quam
1452 1791 1497 1831 in
1521 1794 1672 1834 Sturno
1695 1794 1782 1834 vul'-

105 1861 204 1916 gari.
264 1865 302 1901 V
301 1864 467 1904 ibrissae
496 1863 648 1904 nullae.
706 1864 836 1903 Nares
863 1864 936 1903 sub
968 1865 1118 1918 angulo
1147 1865 1365 1919 plumaceo
1385 1879 1652 1921 procurrente
1676 1869 1786 1909 Fron-

104 1935 157 1975 tis
186 1936 479 1986 forni'culatae,
509 1953 678 1992 squama
708 1937 961 1992 angustiore,
992 1953 1116 1992 quam
1145 1938 1190 1978 in
1220 1941 1393 1991 eodem,
1422 1956 1498 1996 per
1522 1957 1646 1997 quam
1669 1942 1783 1983 linea

104 2011 321 2065 plumacea
350 2013 546 2053 excurrit.
615 2015 772 2066 Lingua
810 2012 954 2067 plana,
1000 2016 1529 2063 corneo-membranacea,
1571 2007 1698 2072 apice*
1719 2017 1779 2057 bi-

106 2086 384 2126 fido-lacera.
444 2088 570 2129 Color
599 2086 719 2127 rostri
749 2101 771 2125 e
802 2086 998 2127 corneolo
1036 2088 1273 2139 rubescens,
1319 2091 1392 2130 sed
1432 2090 1541 2130 basis
1581 2091 1789 2133 maxillae-

104 2159 314 2200 inferioris
343 2172 384 2200 et
413 2162 521 2202 basis
550 2160 769 2217 superioris
799 2174 926 2215 usque
956 2161 1007 2199 ad
1037 2175 1153 2201 nares
1187 2174 1311 2204 atrae.
1382 2165 1503 2206 Oculi
1537 2166 1656 2206 fusci.
1721 2169 1780 2209 Os

102 2233 214 2274 intus
245 2246 287 2274 et
316 2235 457 2290 lingua
486 2235 884 2290 livido-nigricans.
942 2236 1076 2290 Caput
1105 2247 1148 2276 et
1177 2242 1326 2280 collum
1355 2240 1569 2291 aterrima,
1612 2241 1775 2284 nitidis-

105 2308 220 2349 s'ima.
280 2311 478 2365 Occipitis
507 2312 671 2367 plumae
715 2311 955 2366 elongatae,
999 2311 1188 2363 strictae,
1232 2313 1530 2366 nitidissimae,
1576 2317 1773 2373 attiguae.

105 2384 259 2439 Corpus
289 2400 311 2425 e
342 2401 457 2427 roseo
488 2387 648 2436 album,
690 2386 828 2427 colore
866 2388 1012 2427 florum
1040 2387 1228 2428 Persicae
1239 2407 1248 2438 3
1295 2397 1540 2446 uropygium
1582 2392 1774 2434 albidius.
