2196 2927
148 315 261 350 tura,
290 302 362 358 qui
378 312 567 343 constans
583 300 634 343 iis
652 312 712 343 est
727 302 862 349 color,
893 316 1019 356 quum
1042 299 1086 339 in
1111 300 1316 343 Zibellina
1347 318 1442 344 vera
1471 304 1622 359 lanugo
1651 306 1818 347 velleris

147 377 284 432 potius
298 377 342 418 in
359 393 504 433 gryseo
520 405 532 410 -
548 379 727 425 fuscum,
767 375 1169 416 subcinerascentem
1193 378 1375 418 colorem
1397 379 1585 421 inclinet.
1643 381 1818 436 Longio—

148 467 210 492 res
246 452 343 508 pili,
386 452 431 493 in
473 450 765 507 pulcherrimis
793 450 1056 491 Americanis
1085 451 1289 506 pellibus,
1332 469 1539 508 nunquam
1568 456 1818 510 nigrescunt,

148 530 219 568 sed
249 539 339 567 sunt
369 525 662 566 saturatissime
691 525 873 565 castanei
916 526 1087 574 coloris,
1130 527 1175 566 in
1219 526 1310 566 aliis
1354 527 1582 569 dilutiores.
1655 532 1818 571 Macula

147 601 249 642 flava
278 602 397 656 gulae
427 600 695 655 quibusdam,
727 600 855 640 etiam
884 599 1200 656 pulcherrimis3
1232 601 1405 656 reliquis
1437 603 1530 656 gula
1560 607 1817 658 gryseo-vel

146 676 425 717 cinerascente
455 675 601 716 diluta.
659 677 807 717 Gauda
835 675 880 716 in
910 676 1102 716 omnibus
1131 677 1254 732 paulo
1284 676 1447 732 longior
1471 692 1594 732 quam
1625 679 1815 730 sibiricis,

144 766 166 793 e
197 750 534 791 castaneo-item
563 749 700 805 nigra,
744 762 905 791 tantum
952 751 1091 806 apice,
1137 751 1227 804 (ubi
1256 751 1334 806 pili
1363 752 1596 806 longissimi
1627 765 1666 793 et
1697 769 1816 809 saepe

142 825 416 880 tripollicares
447 836 568 880 atque
611 825 848 880 rigidiores)
893 826 1089 880 nigricat,
1132 827 1206 866 sed
1242 825 1497 866 intermixtis
1527 844 1647 884 saepe
1678 830 1744 869 vel
1774 829 1816 869 in

140 899 229 955 ipsa
258 900 494 940 summitate
524 901 622 956 pilis
652 900 964 941 rufescentibus.
1021 902 1147 942 Pedes
1168 902 1212 942 in
1233 902 1423 942 omnibus
1441 904 1816 958 castaneo-nigres-

144 986 306 1024 centes,
346 975 449 1015 villo
480 975 698 1031 subpedali
726 978 926 1016 brunneo.
985 977 1025 1017 V
1023 980 1123 1017 ellus
1146 976 1190 1016 in
1213 991 1363 1031 genere
1387 977 1516 1032 magis
1539 980 1640 1018 rude
1664 990 1705 1018 et
1729 979 1816 1019 lon-

143 1049 276 1103 giores
307 1048 386 1104 pili
414 1049 634 1103 rigidiores
664 1061 705 1089 et
735 1051 969 1100 crassiores,
1015 1067 1140 1106 quam
1169 1063 1261 1091 sunt
1291 1051 1543 1099 Zibellinae‚
1588 1053 1654 1093 cui
1684 1054 1815 1094 vellus

141 1124 288 1173 molle,
318 1135 519 1164 tenerum.
579 1126 713 1179 Caput
742 1125 989 1166 americanis
1017 1127 1427 1180 gryseo-albescen8‚
1458 1142 1595 1167 versus
1625 1140 1812 1178 rostrum,

140 1209 182 1237 et
211 1198 403 1253 utrinque
442 1197 554 1237 villis
593 1199 645 1238 ad
684 1214 817 1248 aures,
860 1199 1052 1255 intraque
1083 1200 1284 1240 auriculas
1313 1202 1396 1239 fere
1428 1202 1551 1251 albis,
1584 1202 1655 1256 qui
1685 1203 1814 1242 etiam

140 1272 359 1312 Zibellinis
401 1272 581 1313 sibiricis
623 1273 893 1329 (praesertim
928 1274 1077 1330 quibus
1119 1275 1214 1330 gula
1255 1274 1523 1316 immaculata
1564 1275 1812 1328 cinerascit)

139 1346 299 1403 saepius
328 1348 413 1390 fere
443 1348 598 1389 albent.

523 1504 610 1547 26.
700 1504 1097 1548 MUSTELA
1162 1505 1429 1548 Marte-S,

273 1613 332 1650 M.
363 1625 536 1666 corpore
573 1610 984 1665 fulvo-nigricante,
1028 1626 1122 1652 area
1158 1612 1280 1667 gulae
1308 1613 1433 1662 flava,
1477 1612 1607 1653 cauda
1635 1611 1813 1668 pedibus

136 1684 307 1739 posticis
338 1685 539 1739 longiore.

352 1793 532 1834 Mustela
561 1795 737 1840 Manes,
767 1793 937 1833 Gmelin.
966 1803 1070 1848 syst.
1094 1795 1182 1834 Lin.
1218 1811 1250 1834 1.
1280 1810 1320 1850 p.
1351 1799 1416 1845 95.
1445 1809 1506 1849 sp.
1538 1800 1575 1834 6.
1605 1794 1806 1835 Solu-eber.

407 1883 571 1908 mamm.
601 1869 677 1907 ΠΙ.
707 1884 746 1924 p.
769 1875 862 1921 475.
893 1868 977 1908 tab.
1008 1876 1094 1910 130.
1124 1871 1301 1911 Brisson.
1339 1869 1482 1925 quadr.
1513 1885 1552 1924 p.
1576 1887 1660 1923 179.
1691 1875 1806 1924 spa&

354 1972 529 2020 Manes,
559 1973 722 2025 Buffon.
752 1973 844 2012 hist.
875 1981 957 2012 nat.
989 1973 1081 2014 VII.
1118 1989 1159 2028 p.
1196 1979 1281 2014 186.
1311 1973 1395 2015 tab,
1428 1989 1493 2013 22.

352 2072 673 2123 Fine-Martin,
715 2076 907 2116 Pennant.
949 2091 1043 2130 syn.
1085 2093 1126 2132 p.
1157 2083 1248 2117 216.
1291 2091 1329 2116 n.
1366 2081 1452 2116 155.
1494 2075 1611 2115 Zool.
1641 2083 1740 2115 aret.
1770 2075 1803 2114 I.

404 2165 444 2202 p.
475 2156 540 2200 76.
577 2165 615 2188 n.
647 2166 711 2201 27.

350 2240 504 2278 Martes
534 2237 740 2286 abietum,
768 2239 858 2295 Raj.
888 2253 980 2291 syn.
1008 2240 1152 2294 quadr.
1182 2257 1221 2295 p.
1253 2256 1345 2281 200.

243 2326 414 2368 Rossice
443 2330 604 2370 Kuniza
633 2327 903 2381 (diminutive
925 2344 948 2368 a
970 2329 1169 2370 Polonico
1200 2332 1361 2384 Κύηα),·
1390 2328 1435 2371 in
1459 2327 1802 2372 Verchoturiensi

300 2412 458 2453 tractu,
488 2403 563 2444 ubi
590 2403 821 2445 Zibellinae
851 2404 1064 2446 miscetur:
1101 2406 1242 2447 Kitios.
