2196 2927
407 206 463 251 68
1166 216 1310 237 z

403 327 580 371 ponunt,
612 330 663 356 ne
693 314 867 370 strepitu
894 313 988 354 illos
1016 315 1211 370 prodant,
1252 324 1293 354 et
1321 307 1421 354 nudi
1449 325 1682 355 transcursu
1712 315 1832 356 illum
1863 319 2072 373 configunt

404 394 621 444 jacentem.
680 391 865 430 Tandem
896 390 1120 445 plurimum
1149 390 1193 430 in
1223 390 1429 430 cubilibus
1459 391 1685 430 caeduntur
1725 391 1829 441 ursi,
1869 407 1972 448 quae
2002 393 2074 433 ubi

402 480 426 515 *e
458 464 644 518 vestigiis
674 466 741 504 vel
770 480 792 505 e
822 465 1041 520 vaporibus
1071 467 1277 505 adstantes
1307 467 1468 506 arbores
1497 466 1644 521 pruina
1674 465 1968 515 vestientibus,
2006 469 2073 508 vel

403 554 496 578 casu
526 540 775 578 detexerunt
804 552 1036 590 venatores,
1080 551 1172 596 post
1201 540 1446 581 Decembris
1474 542 1616 591 finem,
1662 557 1787 596 quum
1817 543 1900 582 alto
1930 557 2074 583 somno

401 628 639 668 oppressum
669 615 836 654 demum
864 615 1025 669 quievit
1054 615 1226 665 animal,
1258 617 1364 656 facta
1380 627 1587 671 apertura,
1619 616 1798 671 sopitum
1814 618 2072 658 confodiunt.

400 689 528 729 Pelles
555 703 630 744 pro
661 689 869 729 cubilibus
899 701 940 729 et
967 690 1151 745 tegmine
1180 689 1371 745 hyberno
1409 691 1585 730 Sibiriae
1622 692 1787 746 populis
1823 692 2073 739 inserviunt3

399 761 443 802 in
473 763 619 803 Rossia
648 764 860 804 traharum
889 765 1147 820 operimenta
1176 776 1217 805 et
1247 766 1424 805 cassides
1454 765 1652 805 militares
1682 765 1779 806 inde
1808 768 1921 806 fiunt.
2000 768 2074 807 Ca-

397 838 579 877 tulorum
607 839 739 893 pelles
767 840 891 893 plane
921 851 1030 880 atrae
1059 856 1134 895 pro
1162 839 1353 894 pelliceis
1381 840 1556 880 lacernis
1587 840 1962 887 aestimatissimae3
2001 842 2072 880 sed

398 912 670 953 adultioribus
699 914 822 954 fuscis
851 916 1135 969 praeferuntur
1161 919 1248 969 jure
1289 916 1404 955 Ursi
1434 920 1672 962 amer-icam,
1702 916 1841 970 specie
1871 916 1959 956 sine
2002 917 2071 954 du-

397 986 468 1027 bio
499 987 709 1037 distincti,
740 988 955 1042 nigerrimi
985 1001 1025 1029 et
1056 990 1179 1029 fulvis
1209 989 1324 1044 genis
1353 989 1547 1043 insignes.
1607 992 1756 1030 Carnes
1785 1001 1826 1029 et
1861 990 2071 1044 pinguedo

397 1062 447 1100 ab
476 1061 667 1101 omnibus
697 1062 741 1101 in
771 1063 934 1102 deliciis
965 1063 1160 1113 habetur,
1191 1076 1231 1104 et
1261 1063 1472 1118 Petropoli
1503 1063 1624 1103 assati
1655 1063 1835 1103 altilium
1865 1063 2072 1117 juniorum

395 1150 600 1185 ursorum,
652 1136 766 1176 domi
796 1137 903 1177 lacte
932 1149 973 1177 et
1001 1154 1107 1193 pane
1139 1140 1429 1187 educatorum,
1474 1138 1607 1177 lumbi
1636 1138 1679 1177 in
1710 1153 1930 1192 procerum
1959 1154 2071 1178 men-

395 1224 454 1248 sas
485 1211 757 1264 adponuntur.
818 1213 946 1251 Btlem
973 1213 1056 1252 ursi
1086 1213 1128 1252 in
1158 1213 1340 1253 febribus
1369 1212 1742 1251 intermittentibus
1774 1224 1897 1267 atque
1939 1213 2071 1253 ictero

395 1290 492 1334 (nec
521 1299 603 1324 non
635 1286 685 1323 ad
723 1285 860 1339 plures
891 1285 991 1325 alios
1021 1288 1203 1339 morbos)
1235 1302 1316 1326 non
1346 1285 1433 1325 sine
1464 1287 1596 1325 fructu
1624 1286 1819 1341 propinat
1846 1290 2068 1326 Rossorum

394 1358 554 1412 vulgus.
615 1359 755 1398 Etiam
783 1370 930 1414 potant
958 1372 999 1400 et
1028 1360 1230 1415 inungunt
1269 1372 1411 1401 contra
1440 1372 1619 1400 tumores
1656 1372 1697 1400 et
1727 1362 1890 1400 dolores
1922 1360 2072 1400 arthri-

350 1438 356 1441 ”
391 1431 722 1473 tico-venereos.
781 1436 861 1474 Cor
889 1450 1051 1489 quoque
1082 1437 1339 1475 combustum
1369 1449 1444 1489 pro
1474 1435 1680 1475 medicina
1727 1447 1923 1475 servatur.
1996 1439 2067 1474 Fa-

390 1506 487 1545 bula
517 1510 644 1546 etiam
685 1508 728 1547 in
771 1508 942 1557 Sibiria,
986 1510 1037 1548 de
1082 1514 1238 1550 calculo
1281 1510 1389 1548 inter
1430 1511 1635 1549 musculos
1678 1510 1760 1549 ursi
1805 1510 2065 1564 reperiundo,

391 1594 513 1634 quem
542 1592 748 1621 ventosum
789 1583 1001 1636 appellant
1039 1585 1263 1635 (We'trenoi
1290 1586 1464 1635 Kamen)
1509 1595 1549 1622 et
1592 1599 1673 1638 quo
1716 1584 1850 1624 Jacuti
1893 1583 2066 1623 brachio

389 1654 559 1708 alligato
589 1666 630 1694 et
660 1656 711 1694 ad
740 1654 848 1695 lianc
878 1657 944 1695 vel
974 1656 1091 1696 illam
1120 1658 1285 1712 plagam
1328 1673 1465 1706 verso,
1511 1669 1681 1697 ventum
1720 1673 1774 1697 ex
1804 1659 1952 1697 eadem
1982 1659 2067 1712 pla-

389 1743 438 1782 ga
467 1729 618 1769 elicere
649 1731 845 1770 feruntur.
919 1731 978 1771 Os
1015 1730 1176 1773 humeri
1222 1730 1454 1771 hodienum
1498 1731 1808 1772 Camtschadali
1847 1747 1921 1786 pro
1960 1733 2066 1772 falce

389 1804 438 1842 ad
470 1806 645 1844 secanda
675 1805 860 1858 gramina
891 1817 1046 1861 aptant.
1104 1809 1298 1846 Intestina
1327 1807 1486 1845 sufflata
1530 1817 1571 1846 et
1613 1807 1708 1861 gelu
1737 1805 1948 1846 exsiccata
1977 1807 2063 1861 pel<

388 1877 666 1928 lucidissima,
720 1881 771 1919 ad
813 1884 968 1920 Lenani
1012 1893 1053 1921 et
1094 1881 1138 1921 in
1183 1879 1472 1922 Camtschatca
1514 1897 1589 1936 pro
1632 1880 1820 1920 fenestris
1864 1880 2061 1920 serviunt.

387 1952 543 1992 ,lisdem
573 1953 986 1995 Camtschadalorum
1016 1956 1284 1996 mulierculae
1323 1955 1559 1996 luxuriosae
1603 1967 1755 1995 aestate
1799 1955 1951 1996 faciem
1993 1957 2061 1996 ob·

390 2026 608 2080 glutinant,
638 2044 689 2069 ne
721 2046 742 2069 a
772 2031 858 2070 sole
887 2042 1088 2072 torreatur
1116 2043 1259 2072 tenera
1288 2030 1406 2071 cutis.
1464 2034 1632 2072 Nomen
1661 2031 1779 2071 fluvii
1806 2031 1979 2071 Abacan
2009 2031 2062 2070 ab

388 2103 469 2143 ursi
498 2104 693 2158 sanguine
725 2117 968 2147 mutuatum,

518 2244 563 2282 N
567 2254 662 2284 ota.
721 2248 845 2285 Anno
875 2264 986 2299 1771.
1004 2248 1275 2302 migrantibus
1289 2261 1406 2298 tune,
1437 2250 1489 2289 ob
1506 2262 1691 2289 annonae
1708 2249 1813 2288 forte
1829 2244 2061 2302 penuriam,

388 2326 414 2352 e
441 2328 635 2358 montano
676 2331 808 2360 tractu
854 2321 1138 2374 frequentibus
1181 2325 1303 2374 ursis,
1347 2323 1553 2364 rarissimo
1583 2324 1796 2377 exemplo,
1828 2337 1850 2359 a
1880 2317 2057 2358 Bur-attis

389 2402 501 2429 ursus
525 2390 646 2446 plane
675 2395 789 2436 albus
801 2425 815 2446 ‚,
850 2394 966 2435 vivus
995 2408 1136 2452 captus
1165 2399 1256 2441 fuit.
1313 2398 1669 2453 Albo-nigroque
1699 2395 1953 2449 variegatum
1982 2392 2057 2432 cir-
