2196 2927
413 239 473 278 94
1173 232 1317 256 Ξ

419 340 568 388 ferum,
599 336 816 384 timidum,
848 333 1041 382 mordax,
1073 346 1150 373 nec
1179 333 1266 373 ullo
1294 332 1421 373 modo
1451 329 1721 373 cicurandum
1745 330 1910 373 animal.
1969 333 2091 375 Oculi

417 415 523 455 irato
554 411 680 452 viridi
710 410 868 465 fulgore
899 407 1149 457 scintillant,
1193 423 1278 448 non
1315 419 1457 448 tamen
1494 407 1540 447 in
1568 406 1750 447 tenebris
1780 408 1901 448 valde
1931 407 2093 464 conspi-

418 504 514 538 cuo,
554 487 656 527 licet
686 485 740 527 sit
769 485 1051 539 noctivagum.
1123 483 1344 525 Caeterum
1387 482 1601 539 hybernae
1630 483 1763 538 pelles
1806 483 2091 539 copiosissime

418 565 525 620 apud
555 578 628 603 nos
657 561 701 602 in
731 560 930 617 pelliceas
959 571 1093 600 vestes
1123 571 1393 608 consuuntur,
1441 574 1545 613 quae
1590 560 1641 598 ad
1685 558 1822 609 Sinas,
1867 563 2021 599 Turcas
2051 568 2093 598 et

417 643 652 694 Europaeos
681 636 863 677 maxime
893 635 1134 681 mittuntur3
1165 634 1273 674 intra
1304 633 1493 674 Rossiam
1524 634 1636 674 enim
1665 649 1810 689 parum
1839 634 1892 674 iis
1921 632 2091 682 utimur,

416 726 459 755 et
500 714 677 762 caudae,
721 727 826 766 quae
869 710 1054 751 maximo
1082 720 1218 749 essent
1256 721 1521 759 ornamento,
1565 709 1658 764 lege
1702 708 1940 764 prohibitae
1986 699 2094 757 sunss

416 787 722 845 privilegioque
754 786 964 840 Majestati
999 796 1242 825 reservatae.
1314 785 1544 840 Capiuntur
1585 784 1781 824 Erminea
1823 785 1891 824 vel
1933 783 2094 839 laqueis

417 866 471 904 ad
500 863 713 904 cuniculos
743 861 903 902 statutis
936 862 1111 917 (Slopez.
1142 861 1274 912 Pasa)
1318 860 1387 899 vel
1430 859 1634 915 decipulis
1677 859 1988 915 compressoriis
2034 858 2096 898 in-

418 939 585 988 escatis,
619 939 843 978 arcubusve
874 937 943 976 filo
972 947 1083 975 trans
1112 933 1321 974 tramitem
1354 936 1480 975 ducto
1511 934 1808 991 explodendis,
1847 946 1888 975 et
1913 946 2007 975 ante
2031 948 2093 974 ca·

417 1030 514 1055 vum
543 1013 587 1053 in
618 1012 714 1052 nive
745 1013 899 1052 factum
929 1022 972 1050 et
1000 1010 1231 1050 inescatum
1259 1009 1437 1049 statutis.
1496 1011 1651 1050 Carnes
1668 1009 1878 1058 animalis,
1911 1011 2097 1049 detracta

418 1103 490 1144 per
519 1087 743 1128 incisuram
772 1086 977 1142 posticam
1006 1084 1167 1139 integra
1197 1084 1332 1139 pelle,
1365 1084 1635 1138 abjiciuntur3
1679 1098 1814 1138 neque
1857 1083 1971 1124 enim
2013 1081 2097 1138 ipsi

416 1163 553 1204 Jacuti
594 1163 661 1202 vel
706 1160 942 1210 Calmucci,
986 1159 1057 1215 qui
1100 1158 1342 1199 foedissima
1383 1159 1598 1214 quaelibet
1639 1160 1787 1209 edunt,
1840 1159 2096 1208 Ermineum,

418 1249 588 1293 propter
618 1238 820 1276 foetorem
850 1234 1133 1275 folliculorum
1164 1233 1250 1282 ani,
1296 1234 1368 1288 qui
1404 1233 1585 1288 pellibus
1616 1234 1745 1274 etiam
1789 1233 1860 1273 diu
1890 1232 2096 1282 inhaeret,

420 1313 464 1352 in
494 1311 636 1352 cibum
666 1309 866 1350 adhibere
896 1319 1078 1365 possunt.
1151 1308 1314 1348 Pondus
1355 1308 1549 1348 masculis
1588 1308 1695 1348 infra
1724 1323 1926 1364 supraque
1955 1307 2096 1347 uncias

420 1386 604 1442 quinque
636 1386 687 1425 ad
717 1396 825 1432 octo,
855 1382 1049 1425 foeminis
1078 1382 1151 1423 vix
1182 1384 1234 1423 ad
1263 1395 1437 1438 quatuor
1465 1398 1607 1438 usque.
1666 1381 1746 1431 Iis,
1783 1383 1935 1439 quibus
1967 1382 2098 1438 longi-

1260 1462 1288 1477 (lt

420 1463 523 1502 tudo
553 1460 736 1516 corporis
772 1463 852 1501 10²¹.
886 1459 953 1500 2'''.
984 1459 1114 1500 cauda
1146 1464 1203 1498 2“.
1233 1476 1256 1510 9
1291 1489 1301 1499 .
1332 1458 1419 1498 sine
1449 1457 1551 1514 pilo.

842 1646 927 1688 32.
1019 1641 1414 1686 MUSTELA
1504 1642 1675 1688 Gale.

561 1767 621 1804 M.
652 1765 781 1804 cauda
812 1764 948 1820 capite
979 1762 1190 1813 breviore,
1235 1764 1475 1814 concolore,
1518 1762 1616 1819 pilis
1661 1762 1821 1819 aliquot
1858 1762 1987 1818 apicis
2017 1761 2096 1802 dis-

422 1838 630 1881 coloribus
661 1842 731 1892 (⁹).

641 1954 821 1995 Mustela
850 1953 1051 2010 vulgaris,
1083 1955 1253 1996 Gmelin.
1282 1955 1394 2009 Syst.
1424 1957 1512 1995 Lin.
1542 1956 1575 1993 I.
1607 1971 1645 2010 p.
1676 1971 1742 2006 99.
1771 1970 1832 2010 sp.
1870 1971 1928 1993 ιι.
1960 1953 2095 1993 Schre-

697 2031 780 2071 ber.
812 2034 1021 2071 mammal.
1051 2032 1126 2070 ΙΙΙ.
1156 2047 1196 2086 ρ.
1226 2037 1320 2082 498.
1350 2031 1435 2071 tab.
1472 2037 1558 2072 138.

641 2135 825 2184 Belette‚
857 2135 1020 2188 Buffon.
1052 2139 1143 2177 hist.
1174 2145 1256 2176 nat.
1287 2137 1378 2175 VII.
1410 2152 1448 2191 p.
1480 2142 1570 2176 225.
1609 2135 1692 2175 tab.
1725 2152 1788 2186 29.
1808 2134 1892 2189 fig.
1930 2152 1960 2174 1.

642 2238 848 2279 Common
880 2240 1069 2290 Weesel,
1102 2241 1295 2280 Pennant.
1326 2241 1427 2294 Syn.
1458 2256 1497 2295 p.
1530 2256 1620 2279 211.
1651 2255 1688 2279 η.
1726 2246 1811 2280 150.

502 2383 553 2425 (⁸)
580 2385 650 2413 Uix
678 2382 783 2413 aliam
812 2381 1146 2415 determinationem
1186 2384 1392 2427 specificam
1429 2384 1608 2425 invenies,
1647 2393 1738 2425 quae
1776 2380 1966 2413 Mustelam
2005 2379 2097 2414 hanc

573 2440 616 2471 ab
643 2442 804 2473 omnibus
832 2442 1036 2484 distinguat.
