2196 2927
388 169 475 230 “*46
1147 188 1291 212 -Ξ

395 304 498 330 cava
529 286 770 328 descendens
798 286 871 328 ubi
901 286 1131 343 ingreditur
1158 287 1460 344 pericardium,
1499 289 1601 330 alter
1629 296 1790 331 truncus
1817 289 1985 332 sinister
2011 306 2070 333 se-

396 365 578 405 cundum
609 365 821 404 vertebras
852 365 1129 411 descendens,
1173 380 1194 404 a
1224 365 1502 420 superioribus
1543 365 1723 421 pectoris
1752 365 1856 405 locis
1884 382 2070 409 cruorem

395 438 566 494 colligit
598 450 640 478 et
668 439 853 479 infundit
882 440 925 480 in
957 441 1182 480 auriculam
1211 439 1348 480 cordis
1377 441 1589 489 dextram,
1630 452 1723 496 post
1750 440 1977 495 ingressum
2003 459 2070 485 ca-

395 530 469 556 vae
499 515 803 562 adscendentis,
832 530 951 571 supra
981 515 1164 555 valvulas
1193 514 1496 570 tricuspidales.
1519 543 1572 549 —-
1607 517 1766 557 Ductus
1795 519 2022 559 thoracicus
2047 533 2070 559 e

392 591 523 631 tribus
553 589 698 630 rivulis
728 589 834 630 infra
864 590 1191 646 diaphragmatis
1223 606 1434 646 processus
1459 593 1680 639 collectus,
1711 591 1820 632 inter
1849 604 2005 632 aortam
2028 604 2071 634 et

390 681 549 721 azygon
579 665 794 721 procedit,
840 666 1025 705 crassitie
1055 665 1235 705 anserini
1265 667 1437 715 calami,
1475 667 1737 722 longitudine
1768 667 1976 723 bipedali;
2008 683 2072 708 ca-

390 742 527 781 nalem
557 740 763 795 insignem
792 740 942 795 recipit
972 757 994 780 a
1024 741 1219 795 glandula
1247 742 1485 797 oesophago
1529 742 1746 782 adsidente
1790 743 1907 798 quasi
1944 743 2071 798 genii-

390 832 462 862 na,
490 816 697 856 Radbekzo
726 819 809 869 jam
837 817 1054 856 observata
1082 827 1125 855 et
1153 815 1348 856 inseritur
1379 833 1398 856 a
1438 819 1559 857 dorso
1602 821 1825 869 conjuncto
1871 833 2071 859 venarum

389 891 639 946 jugularium
668 902 898 932 trunco.-—-
928 894 975 930 Ιη
1005 892 1107 931 dura
1137 907 1336 946 menynge
1365 892 1642 932 robustissimi
1685 908 1895 949 processus
1943 905 2069 934 trans-

390 966 518 1015 versi,
564 966 606 1005 in
651 966 920 1007 substantiam
952 966 1215 1015 tendinemn,
1261 968 1345 1006 fere
1389 967 1634 1022 pollicarem
1677 979 1918 1008 crassantur.
1989 970 2069 1008 Par

387 1047 568 1098 quintum
598 1057 818 1082 nervorum
849 1042 1009 1082 cerebri
1040 1041 1268 1081 maximum
1294 1043 1498 1082 referebat
1515 1041 1847 1092 infundibulum,
1878 1057 1959 1097 quo
1981 1058 2071 1098 por-

388 1116 448 1157 tio
479 1116 617 1172 aliqua
647 1118 809 1158 cerebri
838 1118 1131 1174 recipiebatur.
1158 1141 1214 1148 -—
1255 1119 1427 1172 Priapus
1457 1117 1532 1157 Uri
1561 1117 1762 1158 biulnaris
1810 1121 1878 1171 (Δι’.
1910 1120 1988 1171 δ”.)
2020 1120 2072 1160 ad

388 1192 571 1232 radicem
603 1195 660 1234 δ”.
692 1208 883 1248 processu
911 1197 971 1243 4(ss
1003 1195 1054 1233 ad
1085 1194 1279 1247 glandem
1311 1193 1369 1232 2²².
1400 1192 1601 1233 crassitie.
1675 1195 1929 1233 Retractores
1958 1208 2071 1248 prae-

394 1267 503 1322 putii
534 1268 834 1315 robustissimi,
866 1270 916 1308 ab
946 1284 1035 1309 osse
1065 1269 1220 1309 caudae
1251 1268 1476 1306 secundum
1515 1267 1584 1307 ani
1613 1266 1899 1322 sphincterem
1929 1269 2072 1308 decur-

390 1354 545 1392 rentes,
586 1344 636 1383 ab
667 1355 757 1383 ortu
787 1343 971 1384 crassitie
1001 1343 1200 1399 pollicem
1232 1354 1434 1397 aequante
1476 1357 1613 1382 versus
1650 1342 1914 1398 praeputium
1958 1344 2071 1383 adte-

393 1418 521 1458 nuati.
580 1420 648 1458 Ab
679 1419 922 1459 erectoribus
951 1420 1023 1474 qui
1060 1421 1133 1458 sub
1178 1417 1319 1458 radioe
1361 1433 1581 1472 corporum
1623 1433 1940 1458 cavernosorum
1983 1434 2071 1458 nas-

393 1505 561 1543 cuntur,
592 1493 683 1533 bini
714 1494 857 1548 exigui
879 1510 970 1549 pro(
982 1496 1109 1535 edunt
1132 1492 1330 1540 musculi,
1359 1492 1581 1533 tendinoso
1612 1495 1690 1533 fine
1717 1494 1928 1547 glandulis
1958 1495 2070 1534 Com-

392 1574 567 1623 perianis
597 1569 766 1616 inserti,
805 1585 904 1624 quas
943 1570 985 1609 in
1016 1581 1153 1611 oestro
1184 1583 1363 1609 venereo
1393 1568 1667 1623 comprimere
1698 1569 1907 1608 videntur.
1966 1572 2071 1608 Hae—

390 1644 613 1699 glandulae
643 1646 717 1685 sub
748 1647 1086 1686 acceleratonbus
1122 1643 1283 1700 positae
1321 1655 1364 1683 et
1393 1644 1626 1683 avellanam
1657 1655 1900 1698 aequantes,
1944 1645 2070 1684 ductu

388 1719 625 1759 excretorio
669 1721 721 1760 ad
770 1723 827 1759 2''.
856 1720 1166 1774 longitudinem
1204 1730 1402 1774 pergunt,
1445 1719 1578 1758 donec
1623 1718 1921 1772 angustissimis
1963 1718 2068 1757 orifi-

389 1793 466 1833 ciis
495 1805 537 1832 et
568 1793 766 1848 singulari
796 1796 907 1834 flexu
936 1794 980 1834 in
1012 1795 1163 1848 angulo
1192 1792 1407 1839 methrae,
1438 1792 1509 1832 ubi
1537 1791 1751 1846 sphincter
1773 1792 1875 1832 colli
1906 1792 2067 1832 vesicae

388 1867 564 1915 desinit,
602 1868 898 1908 inosculentur.
926 1895 973 1900 —
1013 1869 1159 1909 Medio
1188 1868 1298 1908 inter
1326 1869 1473 1907 ductus
1504 1867 1738 1906 deserentes
1786 1872 1942 1908 canalis
1983 1883 2068 1908 coe-

388 1958 477 1992 cuS‚
511 1943 816 1998 quadriunciali
847 1943 1134 1998 long³tudine‚
1172 1943 1245 1998 qui
1282 1944 1440 1983 duobus
1478 1941 1648 1982 orificiis
1690 1942 1933 1997 disgregatis
1962 1942 2068 1982 infra

387 2018 597 2058 emissaria
627 2034 816 2059 vasorum
847 2018 1125 2059 deferentium
1157 2029 1198 2058 et
1236 2017 1513 2057 vesicularum
1552 2016 1817 2058 seminalium
1856 2017 2066 2067 inseritur,

388 2093 506 2133 dubii
536 2110 649 2141 usus,
680 2095 874 2148 analogiis
904 2094 1012 2134 sinui
1043 2110 1065 2134 a
1094 2095 1381 2148 Morgagno
1417 2094 1460 2132 in
1490 2092 1663 2133 homine
1695 2094 1875 2133 detecto.
1899 2119 1948 2123 -
1987 2096 2066 2132 Ra-

389 2185 476 2209 mus
506 2177 676 2210 arteriae
705 2175 970 2223 spermaticae
993 2184 1224 2218 recurrenS‚
1255 2167 1538 2224 serpentinus,
1567 2179 1652 2208 tam
1676 2173 1785 2208 venis
1814 2171 2065 2220 sper-maticis

390 2245 585 2285 arteriosa
615 2246 701 2285 fere
732 2245 873 2284 tunira
902 2244 1199 2299 gaudentibus,
1244 2260 1367 2300 quam
1406 2249 1510 2284 sinui
1538 2259 1686 2283 venoso
1714 2242 1931 2297 parastatis
1960 2240 2065 2280 adsi-

387 2320 534 2366 drmi,
591 2335 820 2360 cavernoso
863 2320 1072 2360 inseritur.
1100 2343 1147 2348 —
1201 2323 1244 2359 [n
1276 2318 1413 2359 vaccis
1460 2321 1622 2372 Vagina
1665 2323 1765 2358 uteri
1812 2325 1853 2357 ιδ
1894 2317 1944 2354 ad
1983 2319 2064 2364 14⁰.

389 2393 524 2448 longa.
583 2397 809 2437 Glandulae
847 2396 958 2436 mole
1001 2394 1119 2436 nucis
1161 2394 1420 2443 moschatae,
1464 2397 1547 2447 jam
1588 2391 1886 2433 Parisiensibus
1928 2391 2064 2430 obser-
