2196 2927
393 195 482 236 414

394 293 495 334 inde
526 309 548 332 a
577 301 746 347 pectore
776 291 979 340 rubescit3
1009 293 1178 332 crissum
1206 287 1494 331 ruberrimurn.
1565 290 1677 330 Alae
1713 299 1874 331 tantum
1917 290 2080 348 spuriae

400 370 537 416 albae;
576 373 747 422 remiges
775 368 977 424 primores
1005 367 1246 416 tessulatae,
1291 363 1558 407 secundariae
1590 365 1935 408 albo-fasciatae.
2003 371 2078 409 Re-

394 449 537 486 ctrices
566 444 761 499 utrinque
790 445 895 485 duae
925 443 1192 485 extremitate
1236 443 1377 490 albae,
1421 440 1580 482 extima
1618 442 1786 490 obtusa,
1828 442 2008 483 fasciolis
2040 462 2077 493 2,

392 519 586 576 proxima
614 519 738 560 unica
767 520 906 576 nigra,
936 520 1055 577 apice
1084 518 1435 574 ferruginescens;
1465 517 1590 559 tertia
1619 518 1671 558 ad
1698 517 1863 574 apicem
1885 517 2078 574 utrinque

391 594 517 636 litura
544 595 795 651 ferruginea.

874 677 968 728 67.·
1054 676 1090 718 P
1119 677 1137 718 Ι
1165 674 1205 719 C
1233 676 1275 718 U
1302 676 1330 718 S
1403 676 1587 734 Ριῖρνα.

525 751 569 789 Ρ.
600 747 695 788 albo
724 747 926 804 nigroque
957 746 1114 796 varius,
1144 745 1252 787 facie
1283 746 1397 797 alba,
1430 746 1587 788 vertice
1618 745 1741 788 maris
1771 748 1917 798 rubro,
1948 746 2076 789 crisso

385 834 599 879 punctato.

605 899 726 942 Picus
756 901 891 942 varius
921 899 1079 948 minor,
1116 898 1372 955 Willughbej.
1403 899 1548 939 ornith.
1591 915 1630 954 p.
1663 906 1728 950 94.
1760 899 1842 939 tab.
1875 917 1938 940 21.
1979 902 2071 957 Raj.

658 992 752 1030 syn.
783 993 848 1019 av.
892 993 989 1033 pag.
1021 982 1087 1025 43.
1118 991 1155 1015 η.
1192 981 1228 1016 5.
1268 975 1408 1015 Albin.
1441 989 1505 1014 av.
1534 975 1568 1013 Ι.
1599 974 1683 1015 tab.
1715 992 1780 1016 20.
1820 991 1919 1016 mas.
1955 976 2072 1016 Zool.

657 1053 805 1094 britan.
848 1069 945 1110 pag.
985 1070 1050 1106 79.
1090 1067 1151 1106 Sp·
1196 1057 1234 1092 3.
1270 1050 1354 1091 tab.
1402 1052 1453 1092 E.
1508 1051 1698 1092 Latham.
1747 1066 1839 1105 syn.
1877 1053 1932 1090 ΙΙ.
1975 1066 2075 1107 pag.

660 1135 752 1170 566.
784 1145 823 1169 n.
862 1138 921 1179 14.

602 1204 722 1246 Picus
752 1204 888 1245 varius
917 1203 1085 1254 tertius,
1117 1205 1207 1260 Raj.
1238 1219 1330 1257 syn.
1361 1219 1426 1243 av.
1457 1219 1496 1258 p.
1528 1210 1593 1254 43.
1625 1219 1662 1243 η.
1694 1210 1731 1244 6.

600 1279 721 1321 Picus
752 1281 933 1321 discolor
963 1279 1120 1328 minor,
1151 1280 1303 1318 Frisch.
1334 1294 1398 1317 av.
1430 1279 1513 1318 cab.
1545 1285 1610 1330 37.
1641 1292 1726 1317 mas
1756 1289 1797 1318 et
1828 1278 1953 1320 foem.

599 1354 720 1395 Picus
751 1356 907 1403 minor,
936 1357 1027 1395 Lin.
1057 1365 1159 1409 syst.
1189 1356 1221 1393 I.
1253 1370 1290 1409 p.
1329 1360 1416 1405 176.
1447 1369 1507 1408 sp.
1546 1371 1604 1404 19.

594 1429 732 1470 Petite
762 1430 971 1487 Epeiche,
1017 1432 1180 1483 Baffon.
1224 1431 1367 1470 omith.
1411 1430 1501 1470 VII.
1540 1444 1636 1485 pag.
1674 1435 1738 1470 62.
1797 1429 2066 1470 D'aubenton.

647 1510 752 1546 icon.
783 1523 880 1562 pag.
915 1513 1005 1557 596.

517 1579 624 1622 Cum
653 1582 1022 1637 praecedentibus,
1065 1584 1171 1624 Cirri
1218 1593 1260 1622 et
1307 1583 1426 1624 Cissa
1463 1596 1538 1637 per
1579 1596 1747 1622 omnem
1792 1581 1982 1622 Rossiam
2024 1592 2067 1622 et

373 1654 570 1697 Sibiriam
600 1673 824 1713 nusquam,
855 1659 1081 1714 nequidem
1112 1657 1287 1713 hyeme,
1332 1657 1413 1698 nisi
1455 1655 1638 1697 maxime
1670 1657 1906 1699 borealibus
1934 1659 2064 1697 deest.

373 1731 502 1772 Paulo
531 1743 672 1773 tamen
702 1734 830 1774 rarior
859 1733 1026 1774 videtur
1058 1746 1100 1774 et
1128 1733 1173 1773 in
1202 1733 1389 1774 Dauuria
1428 1732 1565 1772 minor
1593 1732 1767 1774 Rossico
1796 1745 1838 1773 et
1866 1731 2059 1772 uralensi.

370 1808 499 1847 Amat
528 1808 711 1848 maxime
742 1808 887 1863 pineta
917 1820 959 1848 et
986 1809 1183 1863 laryceta.

520 1883 691 1924 Descr.
753 1885 825 1923 Est
853 1898 876 1922 e
907 1883 1093 1923 minimis
1121 1883 1185 1923 sui
1225 1880 1408 1937 generis,
1450 1881 1738 1937 magnitudine
1779 1882 1948 1924 circiter
1985 1882 2061 1922 Sit·

371 1967 453 1997 tae.
510 1958 702 1999 Rostrum
731 1959 879 2006 breve,
910 1959 1020 1998 inter
1049 1973 1193 1999 omnes
1222 1958 1342 1998 Picos
1368 1957 1491 1997 facile
1516 1956 1758 2007 minimum,
1789 1959 2059 2008 tetraedrum,

370 2031 442 2072 vix
472 2044 714 2082 cuneatum,
758 2046 798 2074 at
840 2033 1082 2074 lateralibus
1113 2033 1273 2089 angulis
1303 2032 1589 2083 substriatum‚
1631 2044 1677 2073 ut
1720 2033 1765 2074 in
1809 2033 2048 2088 majoribus.

369 2107 496 2149 Irides
524 2110 686 2151 rubrae.
745 2115 874 2152 Frons
894 2112 1102 2163 foeminae
1131 2110 1239 2151 ultra
1269 2109 1410 2150 oculos
1442 2109 1556 2157 alba,
1597 2125 1726 2166 prope
1757 2125 1874 2150 nares
1906 2110 2055 2150 fusces-

371 2198 487 2234 cens,
530 2183 712 2240 setisque
743 2185 1009 2226 vibrissarum
1040 2201 1160 2242 supra
1198 2201 1315 2226 nares
1344 2184 1486 2240 nigris.
1559 2189 1608 2227 In
1644 2202 1754 2227 mare
1781 2197 1943 2226 tantum
1972 2183 2053 2240 pri—

370 2275 437 2300 ma
467 2260 578 2300 frons
609 2260 721 2310 alba,
761 2261 947 2317 superius
976 2265 1139 2303 macula
1167 2262 1396 2303 ruberrima
1426 2274 1641 2319 occupata.
1710 2263 1821 2303 Area
1850 2272 2053 2315 tempora·

369 2333 420 2373 lis
459 2336 570 2385 alba,
614 2336 814 2392 plumulis
851 2336 1148 2379 auricularibus
1177 2338 1502 2393 gryseo-fuscis.
1575 2340 1687 2380 Area
1715 2337 1831 2392 nigra
1861 2332 2047 2391 parotica

368 2423 443 2465 per
470 2409 599 2451 latera
628 2412 729 2454 colli
766 2412 888 2454 latius
929 2428 1124 2469 expansa.
1196 2412 1380 2470 Occiput
1422 2429 1515 2456 cum
1559 2412 1685 2456 fascia
1728 2427 1815 2469 per
1843 2408 2052 2452 cervicem
