2196 2927
872 205 1014 213 ...—-—-

1688 195 1708 233 3
1721 198 1741 234 5
1756 196 1771 222 ²

94 292 239 334 tudine
269 287 642 344 duodecimpedale
673 289 740 329 vel
771 289 896 335 ultra3
927 303 1047 328 coeca
1077 303 1160 328 non
1190 291 1313 344 plane
1343 291 1553 347 opposita,
1596 293 1773 349 longitu-

95 368 193 408 dine
233 369 302 417 4‘''.
374 367 532 407 Dacius
576 368 821 418 paxzcreatici
861 362 1104 416 tergemini,
1146 365 1326 405 totidem
1369 367 1536 422 papillis
1580 370 1773 411 duodeno

95 442 331 483 inosculati.
403 443 542 494 Cystis
579 440 702 478 fellea
747 440 872 478 ductu
914 437 1101 491 gemino,
1149 439 1279 478 altero
1322 439 1678 497 hepati-cystim,
1722 447 1773 485 ad

94 517 300 571 cystidem
330 517 460 572 ipsam
491 514 626 559 unito,
659 513 868 567 longiore,
900 513 1031 553 altero
1061 513 1248 568 proprio,
1278 525 1452 570 utroque
1481 520 1710 573 peramplo.

513 596 595 636 25.
687 594 728 635 A
758 593 866 642 QU
898 593 914 634 I
946 594 977 634 L
1007 592 1048 634 A
1123 593 1349 649 Clatzvgm

311 669 363 705 A.
392 663 509 705 tibiis
546 663 765 718 plumosis,
808 679 903 704 cera
940 663 1199 719 pedibusque
1237 664 1399 715 lividis,
1443 680 1614 721 corpore
1654 670 1764 711 fusco

94 741 261 792 naevio,
294 742 423 781 cauda
452 740 581 794 nigra.

310 815 520 871 Morphno
550 830 774 870 congener‚
805 815 976 855 Aldrov.
1006 831 1089 855 orn.
1120 817 1152 854 I.
1183 831 1223 870 p.
1255 826 1346 867 214.

310 891 537 946 Morphnos
580 908 610 931 s.
654 891 837 944 Clanga,
903 891 1122 945 Willughb.
1173 894 1316 932 ornith.
1374 908 1468 948 pag.
1514 900 1577 936 32.
1621 896 1767 938 frison

366 984 431 1008 av.
462 968 545 1008 tab.
577 986 643 1020 71.

308 1043 464 1097 Aquila
494 1042 661 1089 naevia,
692 1044 869 1081 Brisson.
901 1057 984 1081 orn.
1014 1043 1046 1081 I.
1077 1058 1116 1097 p.
1146 1049 1238 1092 426.

309 1118 466 1173 Aquila
495 1117 650 1163 minor,
679 1119 841 1169 Buffon.
871 1132 954 1156 orn.
984 1118 1016 1155 I.
1047 1133 1085 1171 p.
1117 1135 1181 1167 91.

202 1192 372 1233 Rossice
416 1203 585 1246 recepto
626 1207 648 1230 a
687 1190 847 1230 Tataris
890 1190 1059 1230 nomine
1100 1194 1340 1245 Karagusclz
1385 1193 1432 1246 (i.
1470 1209 1506 1234 e.
1541 1194 1655 1249 nigra
1698 1198 1766 1237 vel

254 1266 404 1321 ignava
434 1266 622 1322 Aquila).
680 1264 842 1305 Tataris
872 1264 1051 1304 Sibiriae
1082 1266 1492 1321 Gobc'iZ-Karagusch
1523 1272 1625 1323 (Aq.
1649 1271 1764 1324 nigra

254 1342 495 1397 ignobilis).
568 1339 743 1395 Vogulis
797 1340 955 1380 Turrai.
1035 1341 1238 1396 Tungusis
1288 1343 1443 1396 Kyren.
1523 1345 1766 1386 Permiensi-

255 1419 331 1459 bus
360 1419 509 1457 Kusch.

229 1495 277 1532 In
307 1491 452 1532 Rossia
490 1491 724 1546 Sibiriaque
760 1491 971 1541 universa,
1014 1507 1142 1547 usque
1184 1492 1230 1532 in
1274 1493 1629 1543 Camtschatcam,
1672 1511 1767 1537 cum

93 1568 304 1622 Ossifraga
333 1568 542 1622 frequens,
575 1581 770 1621 aquarum
793 1566 948 1621 pariter
970 1566 1170 1607 viciniam
1196 1583 1354 1617 amans,
1386 1568 1653 1622 ignavissima
1682 1585 1767 1610 om-

93 1644 210 1684 nium
241 1641 488 1696 aquilarum:
519 1641 607 1682 visa
634 1652 795 1689 tamen,
825 1642 934 1682 fame
972 1653 1167 1697 cogente,
1208 1657 1359 1697 agnum
1395 1645 1666 1697 majusculum
1702 1660 1767 1686 oc—

94 1718 266 1766 cidisse,
311 1732 510 1772 supraque
549 1718 743 1766 cadaver,
788 1719 971 1772 pondere
1008 1716 1214 1772 ingluviei
1249 1717 1475 1772 impedita,
1518 1730 1640 1774 capta
1674 1720 1766 1761 fuit.

93 1794 313 1834 Nidulatur
340 1792 384 1831 in
413 1791 595 1832 exaridis
626 1791 858 1839 arboribus,
889 1791 998 1832 circa
1028 1792 1149 1847 ripas.
1210 1793 1302 1833 Vox
1325 1794 1467 1832 crebra
1495 1794 1765 1851 Jeb-jeb-jeb.

95 1868 216 1909 Circa
246 1870 393 1921 Surgut
423 1878 464 1907 et
493 1870 673 1921 Narym,
713 1878 758 1907 ut
795 1865 839 1906 in
877 1882 1027 1921 genere
1059 1866 1241 1907 maxime
1272 1867 1508 1908 borealibus
1537 1870 1685 1909 absunt
1712 1872 1765 1910 A.

95 1943 310 1995 Ossifraga
338 1952 380 1981 et
409 1944 592 1995 Clanga5
632 1941 738 1981 haec
769 1942 986 1990 maturius,
1020 1941 1171 1995 frigida
1201 1941 1336 1982 adhuc
1366 1954 1613 1998 tempestate
1642 1944 1765 1991 redit,

94 2018 204 2058 unde
233 2015 413 2057 Ostiacis
442 2016 503 2056 ibi
532 2018 867 2070 Bachpankurrelz
909 2016 978 2055 vel
1015 2018 1324 2069 Lurgellzurrek,
1366 2018 1482 2072 quasi
1518 2017 1766 2072 Impostoria

96 2091 340 2147 appellatur.
410 2094 522 2130 Haec
560 2090 829 2131 varietatibus
858 2090 1045 2145 pluribus
1076 2091 1183 2130 ludit
1212 2106 1312 2145 quas
1341 2107 1424 2132 non
1453 2107 1596 2132 omnes
1624 2092 1668 2132 in
1697 2092 1763 2133 iti-

95 2182 192 2208 nere
223 2165 456 2205 describere
487 2165 554 2204 vel
584 2180 821 2220 comparare
851 2165 985 2204 licuit.

231 2242 400 2280 Descr.
460 2239 706 2294 Magnitudo
736 2239 904 2279 circiter
938 2240 1138 2286 Halimeti,
1179 2242 1339 2295 pondus
1382 2242 1506 2296 vulgo
1544 2241 1617 2282 vix
1655 2249 1677 2284 5
1714 2241 1764 2282 li-

96 2318 272 2357 brarum.
330 2317 519 2354 Rostrum
548 2315 852 2363 coerulescens‚
884 2313 970 2354 basi
1002 2314 1308 2356 rectiusculum.
1383 2319 1486 2357 Cera
1515 2329 1556 2357 et
1584 2316 1666 2358 oris
1696 2334 1763 2358 an-

96 2390 182 2446 guli
211 2406 232 2431 e
261 2389 549 2431 flavo-livida.
607 2392 766 2446 Lingua
795 2390 926 2441 fusca,
966 2391 1129 2439 obtusa,
1169 2390 1324 2432 biloba.
1395 2393 1618 2447 Palpebrae
1646 2393 1766 2434 nud10
