2196 2927
405 216 492 253 320
1162 215 1306 237 Ξ

537 313 658 355 Circa
688 315 884 354 Uralense
928 315 1067 367 jugum
1104 312 1292 352 omnium
1330 313 1665 367 frequentissima
1695 314 1873 369 species,
1920 317 1964 358 in
1994 335 2076 359 ma-

407 389 518 430 xime
549 386 802 445 rupestribus
832 387 1045 438 habitans,
1078 403 1251 444 raroque
1283 389 1334 428 ad
1361 403 1489 443 pagos
1521 391 1736 430 accedens.
1797 391 1988 433 Coecutit
2017 394 2077 434 in-

404 464 558 513 terdiu,
591 464 691 505 licet
720 464 764 504 in
795 463 1006 505 arboribus
1036 476 1077 504 et
1106 464 1310 504 fruticetis
1338 463 1500 519 saepius
1528 466 1769 505 observatur
1797 481 1912 521 vaga.
1970 471 2078 521 Quas

402 539 540 580 media
569 539 723 595 hyeme
754 556 776 579 a
804 540 1069 580 venatoribus
1098 539 1200 580 meis
1230 539 1382 587 habui,
1425 555 1569 580 omnes
1607 544 1744 593 jejuno
1788 552 1830 581 et
1868 554 2079 585 contracto

404 626 519 656 erant
548 615 778 656 ventriculo
817 627 859 656 et
899 615 1039 655 vacuis
1081 615 1303 656 intestinis.
1375 619 1423 655 In
1469 616 1736 657 orientaliore
1780 616 1932 657 Sibiria
1974 618 2079 658 mihi

403 708 611 747 nunquam
642 691 750 741 visa,
781 690 968 746 quamvis
999 692 1091 730 loca
1120 692 1298 731 faveant.
1356 691 1542 731 Interdiu
1573 706 1712 732 coeca.

540 769 707 808 Descr.
767 767 1047 820 IVIagnitucline
1076 765 1229 813 variat,
1272 782 1294 805 a
1324 766 1469 807 bilibri
1497 768 1548 807 ad
1597 767 1806 808 trilibrem
1849 768 2081 819 observavi,

404 844 590 897 adeoque
622 844 672 882 ad
703 843 1019 882 antecedentem
1051 841 1226 882 accedit.
1298 842 1457 882 Similis
1501 841 1640 882 eidem
1687 854 1728 882 et
1765 845 1961 893 Alucom',
2007 845 2080 884 sed

402 918 578 972 egregiis
608 917 716 957 notis
762 917 971 957 distincta.
1044 918 1233 957 Rostrum
1276 932 1462 964 cereum,
1507 916 1680 957 maxilla
1722 917 1918 958 inferiore
1961 919 2079 974 apice

401 992 592 1047 utrinque
622 994 806 1033 obsolete
837 992 1010 1032 sinuata.
1068 995 1228 1046 Lingua
1258 1008 1410 1040 crassa,
1454 994 1621 1039 obtusa,
1667 993 1932 1046 emarginata.
2006 996 2081 1033 Iri-

399 1068 470 1107 des
499 1079 630 1114 atrae,
658 1083 752 1108 cum
781 1068 941 1123 pupilla
971 1069 1134 1122 glauca,
1166 1080 1209 1109 ut
1238 1070 1427 1110 Aluconi.
1485 1068 1708 1122 Palpebrae
1738 1067 1848 1107 intus
1873 1079 1914 1107 et
1942 1083 2083 1123 margo

401 1141 752 1197 perioplithalmii
782 1144 904 1184 crassi
935 1155 1033 1184 atra.
1103 1146 1229 1200 Pepla
1276 1159 1444 1198 magna,
1489 1142 1707 1191 exalbida,
1754 1142 1910 1182 circulo
1942 1158 1963 1182 e
1993 1144 2081 1198 plu-

401 1217 523 1257 mulis
553 1218 711 1265 densis,
741 1219 1071 1274 albo-nigroque
1100 1220 1224 1259 variis
1254 1230 1342 1259 tota
1372 1218 1524 1258 cincta.
1583 1220 1706 1257 Color
1733 1233 1852 1272 supra
1879 1217 2080 1267 cinereus,

403 1294 490 1332 fere
520 1293 742 1340 Aluconis‚
774 1297 914 1335 subtus
946 1295 1128 1341 albidus,
1168 1294 1322 1348 ubique
1352 1292 1487 1333 lituris
1516 1303 1676 1331 tantum
1706 1292 2082 1347 longitudinalibus

403 1368 546 1418 fuscis,
578 1383 712 1423 neque
742 1370 982 1420 undulatus,
1013 1381 1058 1409 ut
1087 1369 1131 1410 in
1160 1371 1354 1410 Alucone.
1422 1369 1629 1422 Uropygii
1652 1367 1818 1422 plumae
1843 1368 1925 1407 late
1951 1369 2083 1416 albae,

399 1443 541 1484 medio
577 1455 710 1484 tractu
752 1445 879 1485 fusco.
951 1446 1099 1485 Subtus
1141 1444 1186 1484 in
1217 1445 1327 1484 collo
1356 1443 1522 1499 plumae
1553 1442 1877 1490 cinerascentes,
1921 1443 2081 1498 reliquo

400 1520 541 1566 albae,
583 1531 716 1559 tractu
758 1520 927 1576 scapino
970 1520 1216 1575 nigricante.
1300 1522 1489 1573 Remiges
1534 1527 1597 1559 23.
1650 1518 1871 1567 fasciatae,
1926 1530 2082 1573 quarta,

401 1595 570 1634 demum
599 1595 858 1651 longissima-;
889 1596 1023 1651 prima
1052 1595 1211 1645 brevis,
1243 1607 1332 1636 toto
1362 1594 1568 1649 margine,
1600 1612 1619 1634 ρ
1647 1604 1690 1634 et
1719 1600 1755 1634 3.
1787 1604 1976 1633 extremo
2006 1608 2083 1633 ser-

402 1681 535 1720 ratae,
579 1680 604 1720 4
633 1683 676 1711 et
707 1679 728 1713 5
758 1672 913 1727 pariter
943 1683 1133 1712 extremo
1171 1682 1385 1726 angustato
1416 1670 1684 1717 subtiliatum
1728 1684 1832 1724 quae
1862 1681 1958 1709 nota
1989 1684 2082 1709 con-

401 1744 664 1785 stantissima.
739 1748 885 1786 Cauda
916 1747 1046 1786 multa
1075 1746 1260 1800 longior,
1306 1761 1429 1801 quam
1461 1745 1668 1793 aluconis,
1717 1747 1885 1799 Fereque
1916 1757 2080 1797 praece-

403 1819 538 1858 dentis
568 1821 857 1875 proportione,
889 1823 1126 1867 rotundata,
1173 1820 1358 1868 cinerea,
1408 1819 1540 1858 fasciis
1571 1818 1664 1857 latis
1695 1819 1836 1867 fuscis,
1881 1829 2080 1857 transver-

402 1893 475 1943 sis,
507 1894 728 1935 recti-icum
759 1895 945 1951 apicibus
976 1895 1095 1936 albis.
1154 1897 1257 1936 Alae
1288 1892 1542 1949 compositae
1569 1892 1640 1933 vix
1667 1893 1846 1933 mediam
1872 1894 2081 1932 excedunt

400 1969 587 2009 caudam.
644 1972 836 2011 Mensura
867 1970 953 2010 avis
991 1975 1069 2011 roff.
1101 1973 1170 2022 9'''.
1201 1972 1357 2011 caudae
1395 1972 1475 2009 10²2
1506 1975 1575 2022 7²¹².
1635 1969 1769 2009 Ulnae
1808 1969 1964 2007 alarum
2000 1971 2081 2008 13⁰2

399 2058 672 2099 expansarum
711 2046 964 2102 tripedalem
999 2047 1221 2086 excedens.
1292 2047 1405 2100 Pepli
1436 2044 1639 2085 diameter
1669 2047 1726 2085 δ”.
1760 2044 1829 2084 3²²².
1859 2042 1989 2083 tibiae
2021 2047 2079 2082 2''.

403 2119 521 2173 digiti
556 2121 687 2161 medii
716 2137 809 2162 cnm
841 2137 979 2176 ungue
1012 2124 1136 2175 (πω.)
1170 2127 1226 2161 2⁷¹.
1257 2121 1377 2161 rostri
1417 2127 1466 2160 ·'‘.
1500 2123 1568 2160 6‘&
1640 2117 1949 2159 Plumosissima
1980 2116 2076 2164 avis,

403 2206 447 2234 ut
476 2198 738 2237 antecedens.
798 2199 975 2239 Pondere
1006 2215 1024 2238 a
1056 2197 1203 2238 bilibri
1234 2199 1284 2237 ad
1316 2213 1355 2245 2}
1397 2196 1547 2236 libram
1585 2194 1760 2235 varians.
1830 2193 1936 2233 Viae
1978 2191 2077 2232 bila-

404 2272 510 2319 riae,
541 2282 583 2310 ut
614 2271 657 2311 in
689 2272 841 2323 milvo,
873 2272 973 2313 huic
1001 2273 1185 2313 maxime
1215 2273 1462 2328 singulares:
1493 2273 1634 2325 Cystis
1664 2271 1737 2310 sub
1767 2268 1919 2323 hepate
1949 2264 2082 2321 posita

404 2344 571 2384 ductum
603 2347 954 2402 semipollicarem
985 2360 1141 2388 rectum
1173 2347 1330 2388 emittit
1359 2348 1402 2387 in
1432 2348 1657 2400 subje'ttam
1696 2355 1954 2385 curvaturam
1986 2340 2082 2378 duo-

404 2417 524 2464 deni>
555 2420 621 2459 cui
653 2429 675 2462 6
707 2423 809 2476 poll.
839 2424 1036 2464 distantia
1066 2440 1087 2463 a
1116 2424 1265 2478 pyloro
1295 2422 1508 2470 inseritur-3
1545 2422 1588 2461 in
1619 2421 1790 2460 fundum
1820 2413 1993 2469 cystidis
2023 2413 2081 2452 in-
