2196 2927
417 211 504 252 304
1187 207 1334 221 -·“

869 224 1427 408 Avi—U
1511 306 1639 406 M.

1052 472 1361 543 oRDo
1437 473 1470 522 Ι.

721 632 1784 704 PRAEPETES.

959 896 1564 947 1.STRYGES.

553 1000 839 1038 Tenebrarum
869 1008 1053 1037 amantes
1096 998 1286 1051 Stryges‚
1335 1009 1505 1052 propter
1547 998 1726 1037 latebras
1770 996 1815 1037 in
1859 995 2104 1051 alpestribus

418 1072 714 1128 sylvaticisque
746 1072 919 1113 desertis
963 1071 1093 1126 magis
1136 1071 1365 1112 inaccessas
1408 1084 1449 1112 et
1493 1072 1762 1127 noctivagum
1808 1071 1919 1111 vitae
1964 1085 2104 1126 genus,

417 1148 632 1202 pauciores
663 1163 737 1204 per
768 1149 959 1189 Russiam
990 1160 1112 1203 atque
1143 1146 1339 1187 Sibiriam
1369 1149 1605 1202 Rapacibus
1635 1149 1789 1189 diurnis
1819 1147 2033 1194 videntur;
2063 1157 2106 1186 et

416 1234 556 1262 tamen
587 1223 741 1278 ubique
772 1239 869 1264 vere
899 1222 1153 1278 copiosiores
1183 1237 1293 1269 esse,
1336 1238 1459 1276 quam
1489 1223 1532 1262 in
1578 1223 1806 1278 Europaeis
1849 1221 2102 1277 regionibUS‚

417 1298 561 1337 suadet
604 1298 837 1353 specierum
881 1299 990 1353 apud
1033 1312 1107 1337 nos
1151 1297 1400 1346 multitudo,
1444 1297 1660 1353 copiosum
1692 1313 1714 1338 e
1746 1297 1899 1337 murini
1943 1295 2106 1352 generis

420 1372 682 1413 animalculis
725 1373 942 1428 pabulum,
988 1384 1030 1412 et
1070 1374 1182 1427 quod
1212 1373 1255 1413 in
1286 1373 1586 1428 campestribus
1617 1373 1874 1427 regionibus,
1918 1372 1990 1412 ubi
2035 1387 2102 1411 an-

419 1447 527 1502 gusti
558 1448 812 1503 sylvularum
842 1458 995 1487 tractus
1023 1449 1224 1488 fluentum
1267 1447 1375 1503 ripas
1416 1435 1793 1489 concomitantium
1824 1449 2000 1488 latebras
2030 1446 2106 1486 mi-

418 1538 492 1562 nus
522 1534 713 1562 extensas
743 1524 925 1563 offerunt
954 1534 995 1563 et
1024 1522 1184 1577 reliqua
1213 1522 1328 1578 regio
1378 1524 1508 1578 magis
1550 1535 1687 1579 patet,
1733 1524 1905 1564 insolita
1949 1522 2104 1578 ubique

418 1597 732 1638 individuorum
761 1598 883 1655 copia
914 1609 1148 1639 occurrunt.

527 1713 640 1749 Inter
669 1712 854 1765 Rapaces
882 1709 965 1751 hoc
1005 1725 1132 1765 genus
1173 1710 1273 1750 ideo
1315 1711 1478 1751 facilius
1522 1711 1743 1765 digeritur,
1786 1712 1897 1765 quod
1941 1707 2099 1764 species

418 1787 504 1834 ejus
533 1796 789 1834 constantes,
822 1785 1092 1825 varietatibus
1124 1785 1194 1825 vix
1226 1797 1551 1834 contemeratae,
1583 1801 1716 1839 neque
1743 1786 1968 1825 secundum
1992 1796 2098 1824 aeta-

420 1870 526 1907 tem,
572 1869 616 1897 ut
646 1859 867 1906 Falcones‚
909 1860 1151 1908 mutabiles,
1197 1860 1497 1914 descriptiones
1528 1862 1661 1899 firmas
1691 1871 1733 1899 et
1762 1860 1955 1900 omnibus
1989 1859 2101 1899 indi-

420 1934 556 1974 viduis
586 1945 882 1974 consentaneas
912 1934 1174 1989 permittunt.
1240 1934 1482 1976 Similitudo
1513 1947 1652 1975 tamen
1683 1936 1869 1975 colorum
1900 1945 1941 1974 et
1970 1935 2101 1990 pictu-

420 2025 487 2050 rae
517 2009 561 2049 in
590 2008 806 2064 speciebus
836 2008 998 2060 multis,
1037 2009 1322 2053 difficiliorem
1365 2009 1468 2050 olim
1512 2011 1610 2051 solis
1648 2010 1784 2051 verbis
1824 2010 2100 2050 adumbratio-

420 2100 516 2126 nem
545 2086 766 2134 reddebat,
812 2086 922 2126 unde
967 2096 1181 2125 auctorum
1224 2086 1506 2140 antiquiorum
1536 2101 1767 2141 synonyma
1798 2086 2096 2126 confundentes

419 2160 572 2217 passim
600 2162 850 2200 fluctuarunt
885 2160 1150 2201 recentiores.
1224 2165 1271 2201 In
1312 2161 1608 2201 recentissimis
1651 2177 1749 2201 vero
1796 2158 2096 2215 Ichnographis

420 2240 502 2290 jam
532 2250 614 2276 non
645 2235 820 2291 amplius
851 2236 1084 2276 laboramus
1114 2248 1156 2276 et
1186 2235 1220 2276 si
1250 2247 1414 2291 praeter
1456 2237 1636 2286 colores,
1681 2248 1881 2277 structura
1924 2234 2094 2281 aurium,

422 2311 623 2365 remigum
649 2323 892 2351 serratarum
917 2327 1130 2359 numerus,
1162 2312 1301 2367 alique
1325 2326 1488 2367 semper
1510 2314 1724 2353 observata
1747 2312 1937 2358 fuissent,
1968 2307 2095 2348 etiam

423 2385 511 2427 sine
540 2385 752 2427 iconismis
783 2387 941 2442 species
981 2398 1230 2428 constarent.
1303 2390 1419 2442 Quae
1463 2402 1539 2441 ego
1580 2388 1630 2428 ad
1666 2386 1824 2442 species
1865 2398 2095 2439 synonyma
