2196 2927
890 222 1034 244 Ξ
1710 226 1792 261 521

122 321 300 364 Uniolae
334 319 595 376 paniculatae
637 318 768 360 vitam
812 328 1054 359 sustentans.
1082 342 1131 347 —
1175 321 1283 359 Vere
1325 318 1484 375 primo,
1528 319 1600 360 vix
1642 321 1798 362 tardius

121 396 351 438 Emberizis
381 395 612 444 nivalibus,
657 396 731 435 sub
768 396 892 434 finem
920 392 1164 442 Februarii,
1212 409 1371 449 perque
1403 395 1601 436 Martium
1632 411 1799 451 congre-

123 483 217 527 gata
245 471 382 527 parvis
411 469 651 511 cohortibus
683 484 820 509 versus
851 467 1022 508 arcticas
1067 479 1193 507 terras
1225 468 1399 523 migrat,
1445 471 1517 511 ubi
1548 483 1702 512 aestate
1733 486 1800 513 co-

120 545 238 601 piose
268 545 470 586 nidificat.
541 547 594 584 Et
623 543 703 584 hae
731 543 946 590 boreales,
988 542 1239 583 continuatis
1277 543 1321 582 in
1350 545 1501 599 frigida
1531 547 1701 601 regione
1732 562 1799 601 ge-

121 620 405 660 nerationibus
435 619 585 660 faciem
615 618 820 659 diversam
848 618 1092 666 induerunt,
1125 622 1321 672 majores,
1352 620 1492 659 colore
1522 620 1798 674 pulchriores,

122 694 348 735 intensiore
366 725 377 741 ,
407 695 599 748 colloque
629 695 769 733 subtus
798 695 918 733 flavo.
975 697 1032 732 At
1062 693 1105 732 111
1135 693 1340 733 montanis
1362 695 1625 735 Uralensium
1655 697 1799 736 totius-

120 785 203 824 que
233 769 408 810 Sibiriae
438 768 599 823 alpibus
628 780 842 808 remanent
869 769 1030 823 plur·e3,
1063 768 1244 808 maxime
1270 768 1313 808 in
1336 769 1519 809 Dauuria
1547 771 1798 825 frequentes,

122 859 227 898 quae
257 844 319 884 ibi
349 855 390 884 et
419 844 686 890 nidulantur‚
733 855 774 883 et
805 843 1009 883 constanti
1038 849 1232 884 varietate
1262 845 1386 899 paulo
1417 844 1620 894 minores,
1659 846 1798 885 colore

124 918 369 966 dilufflores,
402 918 608 959 flavedine
638 918 752 959 omni
783 918 1031 965 destitutae,
1062 918 1278 972 nigredine
1321 919 1422 959 colli
1459 931 1502 959 et
1546 919 1693 960 frontis
1724 919 1797 959 mi-

122 1009 196 1033 nus
224 994 308 1033 lata
335 1005 501 1034 notatae
531 1005 637 1033 sunt.
694 996 775 1032 Has
805 994 1284 1034 Messerschmislias
1328 997 1431 1046 (var.
1461 998 1525 1048 Β.)
1568 994 1665 1034 anni
1695 1006 1798 1034 tem-

121 1082 222 1123 pore
251 1068 429 1108 variasse
459 1068 666 1117 credidit,
699 1079 739 1108 et
770 1069 892 1107 flavas
923 1079 1119 1108 autumno
1150 1068 1258 1115 fieri,
1290 1069 1387 1123 quia
1418 1071 1490 1109 sub
1522 1069 1602 1109 hoc
1632 1081 1797 1124 tempus

121 1143 252 1196 magis
283 1145 492 1183 abundant
521 1145 674 1189 flavae,
719 1158 741 1182 e
780 1143 1015 1182 borealibus
1052 1154 1149 1182 tunc
1193 1145 1476 1184 adventantes.
1550 1147 1597 1183 In
1627 1143 1796 1192 Bam-ia,

120 1217 193 1257 ubi
224 1228 392 1272 utraque
423 1217 598 1257 varietas
642 1217 795 1272 hyeme
840 1219 1032 1272 frequens
1077 1219 1334 1267 observatur,
1379 1234 1508 1273 usque
1547 1220 1597 1258 ad
1627 1218 1799 1258 initium

122 1292 267 1332 Martii
310 1291 518 1332 distinctis
559 1292 706 1333 turmis
749 1293 913 1332 volant:
948 1295 1098 1344 flavae
1142 1293 1357 1343 (arcticae)
1402 1295 1587 1347 pondere
1630 1293 1798 1333 unciam

120 1381 216 1406 cum
245 1367 382 1421 sesqui
413 1367 611 1407 drachma
639 1367 764 1421 vulgo
795 1377 1036 1420 aequantes;
1076 1368 1192 1407 albae
1223 1367 1425 1421 (alpinae)
1457 1366 1529 1405 vix
1560 1367 1688 1416 ultra,
1721 1366 1796 1407 im-

120 1456 190 1481 mo
221 1455 342 1496 saepe
372 1441 479 1481 infra
507 1441 693 1488 unciam,
736 1455 837 1480 voce
880 1441 1006 1480 etiam
1047 1442 1260 1496 paululum
1306 1441 1467 1481 diversa
1498 1443 1796 1495 agnoscendae.

120 1519 209 1555 Hae
240 1515 391 1556 nulhbi
421 1515 698 1571 copiosiores,
737 1530 859 1569 quam
901 1515 945 1554 in
990 1515 1197 1555 montanis
1241 1515 1349 1555 circa
1393 1515 1634 1565 Kjachta1n3
1684 1516 1796 1556 circa

121 1591 300 1645 Volgam
330 1602 371 1630 et
400 1592 600 1631 Uralense
640 1595 779 1645 jugum
820 1590 1075 1639 rarissimae,
1116 1589 1188 1629 ubi
1219 1602 1360 1629 contra
1390 1589 1579 1644 hyemali
1605 1601 1796 1646 tempore

121 1666 332 1705 abundant
361 1667 502 1707 flavae.
561 1671 733 1722 Propter
761 1665 941 1720 regionis
972 1679 1121 1720 nempe
1151 1665 1400 1720 temperiem
1428 1676 1470 1705 et
1499 1665 1794 1705 altissimorum

119 1741 328 1781 montium
358 1742 593 1791 defectum,
625 1741 668 1781 in
698 1741 764 1781 his
795 1740 1032 1795 regionibus
1063 1741 1148 1780 fere
1177 1755 1322 1780 omnes
1353 1741 1404 1779 ad
1433 1742 1601 1780 boream
1625 1742 1793 1789 abeunt,

119 1816 193 1856 ubi
221 1816 482 1871 prolificant,
528 1831 682 1871 paucae
724 1828 885 1856 tantum
927 1817 1199 1855 adsueverunt
1237 1814 1280 1854 in
1309 1814 1514 1854 montanis
1545 1814 1794 1854 australiori—

119 1891 194 1930 bus
223 1891 384 1944 prolem
414 1892 618 1938 educare,
644 1891 718 1931 ubi
747 1891 898 1931 faciem
925 1894 1132 1930 varietatis
1161 1893 1202 1936 β.
1233 1889 1468 1929 induerunt.
1494 1913 1553 1920 —
1584 1892 1630 1927 In
1661 1889 1793 1928 subal-

120 1963 230 2019 pinis
261 1963 424 2003 Persiae
454 1965 724 2011 varietatem,
765 1964 924 2004 ibidem
968 1964 1055 2003 sine
1099 1963 1226 2003 dubio
1265 1963 1449 2017 genitam
1478 1974 1521 2002 et
1551 1979 1572 2002 a
1600 1963 1694 2002 loco
1723 1963 1791 2002 ad-

121 2038 203 2078 huc
233 2038 362 2092 magis
400 2050 600 2078 mutatam
644 2039 816 2093 collegit
861 2040 1112 2078 Gmelinus
1134 2041 1219 2094 jun.
1254 2037 1298 2077 in
1340 2053 1419 2092 qua
1460 2037 1573 2076 nulla
1613 2037 1789 2084 flavedo,

121 2114 195 2153 sed
224 2113 396 2166 nigredo
427 2113 527 2154 colli
556 2114 687 2154 multo
717 2113 839 2153 latius
878 2112 1028 2152 diffusa
1069 2123 1112 2152 et
1153 2112 1363 2152 cornicula
1404 2110 1686 2166 supraciliaria
1728 2111 1788 2151 in·

121 2188 302 2242 signiora
330 2202 453 2242 quam
480 2188 524 2227 in
560 2189 644 2228 ulla
686 2188 779 2228 alia.
802 2211 857 2218 ——-
897 2191 943 2226 In
974 2187 1121 2226 Rossia
1163 2186 1512 2236 occidentaliore‚
1558 2202 1595 2226 v.
1627 2201 1685 2240 gr.
1716 2189 1787 2225 Pe-

119 2262 300 2317 tropoli‚
344 2263 416 2302 ubi
446 2264 605 2303 Ember.
636 2268 786 2304 nivales
815 2262 982 2317 copiose
1013 2263 1254 2318 capiuntur,
1302 2262 1506 2302 rarissime
1550 2263 1788 2302 observatur

121 2339 287 2378 Alauda
318 2342 482 2383 nivalis;
512 2337 598 2378 visa
627 2349 767 2378 tamen
798 2337 992 2388 subinde,
1023 2338 1109 2378 imo
1138 2338 1182 2378 in
1206 2338 1393 2378 Borussia
1425 2339 1640 2377 observata
1660 2339 1786 2377 Klei-

123 2417 226 2464 nio,
258 2428 381 2467 quam
409 2414 482 2455 ille
513 2428 565 2454 ex
596 2413 786 2455 America
820 2413 954 2454 ventis
984 2415 1175 2455 adflatam
1204 2412 1404 2462 credidit,
1437 2424 1477 2453 et
1506 2412 1566 2467 (in
1580 2414 1785 2453 Stemmac.

1325 2495 1374 2530 60·
