2196 2927
894 174 1038 189 --··
1711 163 1802 217 '507

244 273 363 314 Plura
392 271 541 314 horum
569 272 786 314 nominum
813 271 941 313 etiam
971 270 1200 312 Motacillis
1231 272 1346 314 flavis
1376 274 1626 315 communia.

242 352 320 388 Per
349 348 583 389 universam
612 348 801 389 Rossiam
831 359 873 388 et
901 347 1119 394 Sibiriam,
1151 358 1195 386 ut
1225 347 1268 387 in
1292 351 1454 404 Europa
1482 349 1617 398 omni,
1651 348 1805 405 ubique

136 435 231 463 nota
261 435 304 463 et
333 424 512 478 vulgaris
544 424 654 473 avis,
695 439 777 462 non
809 422 942 462 omnis
971 422 1015 461 in
1047 421 1219 461 arcticus
1247 433 1372 462 terras
1403 424 1607 478 migrans,
1652 439 1730 464 nec
1760 425 1805 465 in

133 498 295 552 frigidis
326 499 570 553 alpestribus
599 497 836 537 subsistens.
896 495 1234 551 Copiosissimam
1256 498 1525 536 observabam
1550 498 1593 537 in
1608 499 1805 556 Dauuriaq

134 573 203 612 ubi
234 584 375 612 contra
419 576 464 612 M
507 575 698 625 flaveola
729 571 856 611 rarior
884 570 1075 610 occurrit.
1148 573 1194 608 In
1226 570 1464 610 australiore
1496 570 1647 612 Sibiria
1675 589 1804 629 aeque

133 659 175 687 et
206 648 349 688 Rossia
379 647 545 687 mitiore
576 645 728 700 hyeme
758 658 878 700 saepe
921 649 1004 699 jam
1047 647 1119 684 sub
1164 646 1286 684 finem
1329 646 1543 685 Februarii
1585 648 1718 695 redit3
1764 660 1804 689 at

132 722 315 763 Jacutiae
353 723 574 761 adventare
605 722 678 760 sub
709 723 833 760 finem
860 720 1019 772 Aprilis
1050 721 1219 759 demum
1249 721 1501 760 observatur.
1561 723 1607 760 In
1630 722 1805 761 boreali-

133 797 205 837 bus
237 798 287 836 ad
315 798 355 836 ss.
386 799 574 850 Kovyma
604 795 738 835 adhuc
770 795 949 837 tardius,
998 808 1227 849 europaeve
1257 793 1485 835 simillima.
1562 795 1805 837 Camtscha-

131 871 217 911 dali
246 873 469 911 adventum
497 869 617 923 hujus
647 870 831 910 aviculae
861 870 983 910 avide
1013 879 1255 923 exspectant
1291 880 1333 909 et
1358 869 1457 910 inde
1480 886 1631 911 novum
1654 886 1806 910 annum

132 946 341 985 vernalem
370 944 590 985 inchoant:
636 947 810 985 credunt
855 956 992 984 autem
1034 943 1152 983 illam
1195 943 1390 998 hyemem
1429 945 1472 984 in
1514 943 1806 986 Carntschatca

131 1022 394 1060 subterranea
424 1035 494 1060 seu
537 1021 645 1074 apud
694 1020 910 1075 antipodas
956 1018 1206 1073 transigere,
1249 1019 1321 1059 ubi
1364 1020 1539 1059 alternas
1581 1035 1675 1059 cum
1721 1019 1803 1058 suis

132 1106 305 1135 aestates
336 1096 531 1134 statuunt.
605 1095 903 1135 Concrematae
949 1093 1035 1134 avis
1078 1093 1237 1133 cineres
1283 1095 1391 1149 apud
1428 1095 1595 1148 plebem
1627 1093 1804 1134 Sibiriae

132 1171 183 1209 ad
213 1168 454 1209 drachmam
484 1169 694 1224 propinati
724 1170 1067 1209 commendantur
1096 1179 1238 1208 contra
1281 1168 1500 1210 calculum.
1530 1193 1586 1201 -
1624 1172 1802 1210 Insecta-

130 1255 196 1284 ωι-
222 1242 487 1300 potissimum
514 1243 762 1283 vermiculos
798 1243 1035 1298 aquaticos..

238 1320 384 1359 Nota.
444 1319 587 1358 Variae
617 1319 728 1358 collo
762 1329 851 1358 toto
881 1317 1025 1372 nigro,
1079 1319 1146 1358 vel
1186 1319 1349 1358 cervice
1390 1328 1574 1365 tantum3
1617 1322 1804 1373 trequen-

129 1395 211 1437 tius
241 1392 383 1434 cervix
419 1392 614 1432 inferiore
656 1404 772 1448 parte
815 1392 1046 1433 cinerascit.
1120 1396 1166 1431 In
1209 1391 1429 1432 maritimis
1471 1392 1805 1441 Camtschatcae,'

129 1467 374 1525 praesertim
401 1467 724 1523 promontoriis,
754 1479 795 1507 et
824 1466 968 1506 insulis
1000 1466 1178 1517 curilis,
1225 1478 1414 1507 constans
1444 1469 1684 1509 observatur
1713 1469 1752 1507 V
1758 1483 1801 1508 a·

129 1550 310 1592 rimas,
342 1558 466 1597 quam
496 1557 519 1582 e
549 1542 681 1582 missis
714 1544 764 1582 ab
800 1547 931 1582 Amic.
960 1543 1188 1595 Billings
1217 1540 1379 1580 exuviis
1409 1542 1665 1582 describam:
1696 1544 1801 1582 Dor-

130 1635 218 1660 sum
246 1617 313 1658 illi
340 1629 498 1666 totum,
543 1632 636 1657 cum
679 1617 841 1657 cervice
872 1628 914 1656 et
943 1627 1058 1671 parte
1088 1616 1254 1656 verticis
1293 1628 1453 1661 atrum,
1499 1615 1800 1670 subchalybea-

129 1706 218 1735 tum
236 1725 245 1743 ,
276 1705 321 1733 ut
350 1704 391 1732 et
421 1696 570 1733 collum
598 1707 691 1732 cum
721 1693 873 1746 jugulo.
931 1693 1072 1731 Facies
1087 1691 1177 1731 alba
1195 1691 1299 1730 ultra
1321 1691 1486 1740 oculos,
1513 1693 1652 1744 fascia
1672 1690 1800 1730 utrin-

129 1785 210 1824 que
240 1770 333 1809 alba
362 1769 590 1808 secundum
619 1768 774 1807 collum
804 1765 1057 1807 continuata.
1135 1768 1322 1806 Fasciola
1360 1781 1468 1820 pone
1499 1766 1640 1806 oculos
1668 1765 1799 1819 longi-

130 1843 328 1884 tudinalis
358 1843 475 1898 nigra
504 1842 743 1883 albedinem
771 1841 940 1882 dividit.
1005 1841 1218 1882 Rectrices
1247 1840 1440 1895 utrinque
1472 1857 1508 1880 2.
1540 1841 1683 1889 albae,
1729 1854 1800 1879 ex-

132 1918 234 1958 tima
261 1917 482 1965 interiore,
524 1917 714 1971 proxima
743 1928 917 1970 utroque
948 1915 1131 1969 margine
1162 1915 1290 1969 nigra.
1360 1917 1546 1968 Remiges
1575 1915 1799 1969 pleraeque

131 2007 224 2033 cum
254 1990 495 2031 tectricibus
526 1991 665 2039 albae,
705 1991 777 2030 sed
806 1989 1071 2029 extremitate
1100 1989 1345 2043 nigricante.
1417 1989 1556 2041 (Conf.
1584 1990 1799 2028 Latham

132 2083 197 2107 αυ.
227 2067 281 2105 II.
311 2076 415 2121 part.
448 2082 484 2105 2.
513 2082 552 2121 p.
584 2072 674 2105 236.
712 2064 895 2104 collared
925 2063 1134 2117 Wagtail,
1178 2063 1374 2118 variety).
1443 2063 1523 2102 Vel
1556 2078 1578 2102 a
1607 2063 1702 2102 loco
1731 2077 1799 2101 na-

134 2141 209 2182 tali
237 2152 332 2181 nata
365 2140 566 2189 varietas,
610 2140 677 2179 vel
707 2139 902 2179 distincta
931 2139 1035 2178 forte
1065 2137 1238 2193 species.
1257 2163 1304 2169 —
1336 2141 1385 2178 In
1412 2137 1559 2193 Belgio
1589 2139 1797 2193 quondam

135 2217 215 2259 visi
243 2217 484 2259 Motacillae
514 2214 633 2270 hujus
663 2213 907 2258 varietatem
935 2224 1067 2253 totam
1096 2213 1330 2255 candidam.
