2196 2927
400 209 484 250 340
1163 207 1307 230 2-

391 309 607 366 disposito.
667 308 759 348 Ova
788 305 987 347 anserinis
1016 307 1151 363 paria,
1182 305 1437 361 globosima,
1469 307 1586 354 alba,
1619 308 1753 349 lituris
1787 307 1953 349 minutis
1977 326 2070 351 nae-

389 385 469 424 via.
530 386 637 425 Pulli
666 384 860 439 lanugine
890 383 1012 423 nivea
1043 383 1204 432 vestiti,
1237 398 1330 423 cera
1358 383 1617 439 pedibusque
1649 383 1904 432 flavissimis,
1935 387 2067 426 tuber-

389 459 483 500 culo
525 460 569 500 in
612 459 730 516 apice
774 460 895 500 rostri
939 459 1093 500 albido.
1165 462 1326 513 Hyeme
1370 459 1546 515 patriam
1590 476 1672 500 non
1713 459 1952 515 relinquunt
1990 460 2069 501 hae

394 535 589 589 Aquilae,
632 546 671 575 et
703 536 914 591 leporibus
944 534 1230 591 capreolisque
1261 534 1420 575 vivunt.
1488 539 1636 590 Neque
1680 547 1853 590 cogent(
1897 536 2073 576 necessi—

387 623 471 651 tate
517 613 719 652 cadavera
762 623 976 661 recusant,
1022 611 1135 666 quod
1177 621 1219 650 et
1262 612 1312 651 de
1357 622 1584 666 sequente,
1629 611 1902 666 omnibusque
1947 611 2075 652 facile

390 687 605 742 speciebus
634 687 758 727 valet.

522 764 696 803 Descr.
755 762 898 802 Junior
940 761 1024 801 avis
1067 760 1205 801 media
1247 760 1401 815 hyeme
1443 764 1582 803 adulta
1624 764 1881 818 ponderabat
1924 764 2074 803 decem

387 837 511 878 libras
544 837 746 885 medie-353
779 837 961 877 seniores
993 836 1119 876 etiarn
1149 848 1363 891 superant3
1395 839 1581 892 adeoque
1612 836 1717 878 haec
1744 837 1926 893 species,
1957 854 2071 893 prae-

386 924 450 953 ter
479 914 679 968 Aquilam
708 912 963 968 pelagicam,
1005 912 1114 952 inter
1157 922 1314 951 nostras
1360 912 1555 952 maxima.
1626 914 1816 953 Rostrum
1843 915 2068 962 robustum,

386 989 573 1038 brevius,
616 988 829 1043 magisque
861 989 1090 1034 aduncum,
1133 1003 1257 1042 quam
1286 987 1330 1027 in
1362 987 1554 1042 reliquis,
1599 989 1725 1041 figura
1768 989 1852 1027 fere
1896 989 2071 1035 Asturis,

383 1064 690 1113 coerfflescens,
736 1076 924 1105 extremo
955 1063 1140 1118 nigrum,
1183 1064 1234 1102 ad
1265 1078 1403 1103 ceram
1433 1065 1670 1103 flavescens.
1742 1065 1845 1104 Cera
1876 1063 2071 1104 convexi-

382 1140 545 1187 uscula,
584 1140 686 1189 lata,
727 1138 967 1189 flavissima,
1014 1154 1152 1179 versus
1181 1138 1301 1178 rostri
1333 1138 1565 1194 margEnem
1596 1140 1748 1178 flavum
1779 1139 1931 1179 deleta.
1989 1140 2074 1179 Na·

383 1230 446 1255 res
475 1215 645 1270 oblique
684 1226 849 1263 ovatae,
895 1226 1123 1254 antrorsum
1167 1216 1344 1260 effusae,
1391 1213 1723 1269 patentissimae,
1769 1213 1930 1254 concha
1968 1213 2071 1254 deli·

385 1300 586 1330 tescente.
659 1291 882 1344 Palpebrae
926 1289 1216 1339 nudiusculae,
1263 1288 1403 1328 albido
1446 1287 1732 1342 lanuginosae,
1780 1288 1892 1329 linea
1935 1289 2069 1344 pilosa

385 1379 525 1404 versus
554 1364 784 1419 marginem
807 1366 982 1414 nudum,
1014 1364 1287 1420 papillosum,
1321 1365 1624 1403 flavescentem.
1682 1365 2070 1421 Periophthalmium

385 1454 588 1490 crassum,
635 1455 855 1488 venosmn,
898 1455 1090 1495 opacum.
1160 1441 1288 1479 Irides
1328 1450 1563 1481 castaneae,
1607 1453 1681 1493 per
1725 1439 1925 1480 ambitum
1957 1441 2072 1480 fusco

385 1515 681 1555 denticulatae.
740 1517 964 1571 Supercilia
993 1514 1248 1571 prominula,
1294 1515 1425 1561 nuda,
1472 1530 1592 1570 supra
1629 1525 1775 1554 setosa.
1853 1515 1987 1570 Caput
2029 1526 2071 1553 et.

385 1590 529 1630 cervix
557 1590 710 1645 plumis
740 1605 763 1629 e
792 1591 907 1632 fusco
936 1590 1367 1645 ferruginescentibus.
1433 1591 1659 1646 Reliquum
1691 1605 1836 1645 corpus
1865 1606 1984 1646 supra
2013 1601 2073 1630 to·

384 1677 492 1715 tum,
538 1666 694 1705 alarum
738 1667 855 1706 bases
897 1667 1174 1720 tectricesque
1205 1666 1473 1707 secundariae
1514 1681 1535 1706 e
1581 1668 1770 1706 brunneo
1800 1665 1939 1720 nigra,
1981 1666 2071 1720 plu-

384 1740 463 1780 mis
494 1752 633 1781 tamen
663 1741 818 1796 ubique
848 1741 959 1788 basi,
1002 1757 1097 1781 cum
1140 1741 1334 1794 lanugine
1372 1741 1491 1781 albis.
1565 1741 1752 1790 Collum,
1795 1751 1960 1795 pectus,
2005 1740 2070 1778 ala

384 1817 524 1855 subtus
553 1827 595 1855 et
624 1816 806 1855 maxime
837 1817 932 1870 gula
961 1815 1092 1870 magis
1123 1827 1228 1862 atra,
1270 1816 1422 1870 plumis
1468 1816 1628 1870 aliquot
1664 1815 1768 1855 albis
1810 1815 1855 1855 in
1898 1825 2066 1870 pectore

384 1891 633 1945 quandoque
663 1889 936 1945 interspersis.
994 1891 1238 1940 Abdomen,
1271 1889 1464 1937 crissum,
1494 1892 1650 1931 femora
1679 1890 1936 1937 intus-alba3
1976 1891 2068 1930 sub-

384 1965 576 2006 c'audales
606 1965 724 2020 apice
753 1965 1171 2020 ferrugineo-fuscae.
1243 1966 1389 2005 cauda
1424 1965 1562 2006 obiter
1589 1966 1827 2013 rotundata;
1871 1963 2068 2005 rectrices

384 2041 522 2090 albae,
555 2040 822 2081 extremitate
852 2041 1013 2096 nigrae3
1043 2040 1088 2080 in
1117 2039 1361 2080 tectricibus
1389 2042 1545 2081 caudae
1577 2042 1728 2081 albedo
1757 2040 1866 2081 basis
1896 2040 1970 2081 vix
1999 2056 2067 2096 ap-

382 2109 513 2171 paret.
571 2118 759 2171 Remiges
807 2124 870 2158 26.
912 2131 1074 2166 omnes,
1117 2116 1429 2171 primorumque
1458 2116 1653 2157 tectrices
1682 2116 1845 2171 nigrae:
1894 2135 1907 2156 1
1943 2117 1995 2157 ad
2026 2123 2064 2158 5.

384 2204 574 2233 extremo
615 2193 738 2233 valde
783 2204 1041 2247 angustatae3
1085 2192 1351 2232 secundariae
1395 2194 1640 2233 rotundatae
1671 2208 1765 2233 cum
1794 2191 1946 2247 exiguo
1975 2205 2063 2230 acu-

383 2267 509 2308 mine.
585 2269 728 2309 Tabiae
770 2282 899 2323 usque
930 2269 981 2308 ad
1020 2267 1174 2323 digitos
1213 2268 1642 2324 albido-plumosae3
1686 2269 1806 2322 digiti
1835 2263 2061 2312 flavissimi,

383 2343 583 2393 unguibus
612 2343 762 2398 nigris,
794 2359 969 2398 quorum
998 2343 1200 2400 posticus,
1233 2343 1489 2399 interiorque
1513 2343 1744 2384 anticorum
1767 2342 1811 2383 in
1832 2342 2061 2397 perfectum

383 2414 691 2459 semicirculum
719 2419 882 2472 falcati,
925 2418 1115 2462 maximi.
1142 2444 1197 2452 -—-
1239 2421 1430 2461 Mensura
1468 2421 1519 2461 ad
1549 2417 1796 2474 uropygium
1831 2422 1873 2455 ι’.
1903 2416 1962 2469 7‘'·
1993 2414 2063 2454 Bw·
