2196 2927
400 330 487 359 tera
528 314 649 356 rostri
693 313 824 353 albae.
897 311 1032 367 Caput
1073 324 1193 366 supra
1233 321 1394 358 totum,
1451 325 1578 366 usque
1622 313 1670 352 ad
1709 310 1888 353 nucham
1926 325 2070 355 atrum.

401 395 508 433 Gula
538 402 648 438 atra,
680 386 865 429 limbulis
894 388 1126 443 plumarum
1155 385 1259 427 albis
1289 399 1526 441 squamata,
1557 403 1641 428 non
1670 388 1874 429 omnibus.
1925 391 2074 430 Latera

399 466 548 522 capitis
577 477 619 506 et
648 463 851 518 occiptis,
883 462 1094 517 lateraque
1125 462 1226 502 colli
1257 463 1380 509 alba;
1411 478 1559 519 corpus
1587 464 1726 504 subtus
1756 463 1963 518 reliquum
1992 479 2071 504 sor-

399 542 552 584 didius.
624 542 802 580 Dorsum
829 542 1008 579 cineritio
1031 564 1044 569 -
1065 553 1221 578 canum.
1280 540 1466 591 Remiges
1502 555 1561 589 19.
1592 538 1726 593 prima
1755 538 1943 584 minuta‚·
1984 553 2074 578 om-

398 632 472 659 nes
500 619 660 665 fuscae,
705 626 874 667 utraque
905 628 974 652 ora
1003 613 1146 662 albae,
1192 613 1323 669 scapis
1354 612 1492 668 nigris.
1568 616 1673 654 Alae
1712 613 1916 668 uropygio
1949 614 2074 668 paulo

395 692 617 748 longiores.
676 689 820 730 Gauda
850 687 1104 742 longiuscula
1123 718 1132 736 ,
1164 686 1426 728 intermediis
1457 700 1499 728 et
1529 687 1687 728 extima
1715 689 1840 743 paulo
1870 687 2075 728 breviori-

394 769 495 809 bus:
537 769 736 808 Rectrices
766 762 929 803 mediae
959 761 1145 816 margine
1176 777 1326 809 canae,
1358 763 1548 802 laterales
1577 777 1647 803 ora
1679 764 1786 803 alba.
1839 763 1966 803 Pedes
1994 763 2073 802 fus-

394 842 832 885 co-coerulescentes.
913 839 1075 879 Pondus
1112 837 1204 893 plus
1243 836 1378 877 minus
1414 836 1542 891 trium
1586 838 1886 877 drachmarum.
1959 839 2074 878 Anus

394 917 440 958 in
481 916 549 957 his
593 915 767 969 aliisque
812 914 921 954 Paris
965 912 1164 968 singulari
1206 911 1405 953 fasciculo
1442 912 1722 966 plumularum
1758 912 2074 967 lanuginearum

396 992 603 1041 inclusus,
636 992 687 1031 ad
718 992 942 1031 arcendum
972 988 1112 1043 frigus.

531 1068 607 1107 No
623 1078 651 1107 t.
694 1070 822 1120 Hujus
854 1064 1029 1105 varietas
1060 1078 1146 1104 esse
1177 1063 1366 1113 videtur,
1410 1077 1558 1117 quaem
1601 1063 1865 1105 Gmelinus
1893 1078 1973 1104 sen.
2003 1076 2074 1103 no·-

396 1143 533 1186 mine:
586 1141 679 1182 Pari
709 1140 866 1181 cinerei
896 1138 1102 1189 lenensis,
1148 1138 1389 1183 adnotavit,
1433 1138 1522 1178 solo
1556 1137 1725 1178 verticis
1762 1139 1902 1179 colore
1932 1139 2071 1188 fusco,

396 1220 485 1261 imo
521 1219 605 1259 fere
642 1217 950 1265 cinerascente,
994 1231 1078 1257 non
1115 1226 1230 1261 atro,
1274 1213 1497 1253 diversum.
1569 1213 1664 1253 Nisi
1694 1213 1800 1252 forte
1832 1213 1885 1253 sit
1914 1213 2073 1267 species

397 1292 507 1335 mihi
536 1292 762 1346 incognita.
826 1293 895 1330 Ad
924 1294 1079 1329 Lenam
1109 1289 1214 1328 haec
1244 1288 1429 1341 hyemat.
1504 1290 1674 1328 Iconem
1704 1302 1726 1327 a
1754 1288 1807 1327 D.
1839 1289 1893 1327 D.
1931 1288 2074 1330 stlerck

397 1378 581 1409 curatam
611 1365 732 1405 addo.
795 1365 920 1404 ΤΑΒ.
950 1364 1144 1403 XXXIV.
1163 1363 1246 1416 sig.
1280 1379 1315 1402 2.

753 1563 962 1613 XXIV.
1041 1560 1720 1613 COLUMBAE.

537 1671 722 1713 Dubium
752 1669 964 1724 hucusque
996 1669 1104 1723 apud
1135 1666 1434 1722 Ornithologos
1459 1668 1539 1708 fuit
1568 1682 1747 1723 quonam
1776 1665 1927 1707 Ordine
1957 1675 2068 1708 natu-

399 1750 478 1789 razi
506 1748 774 1788 collocandae
804 1755 941 1785 essent
983 1744 1234 1784 Columbae?
1284 1745 1461 1800 Rajus
1504 1743 1660 1783 medias
1689 1743 1798 1783 inter
1840 1741 2071 1782 Gallinace-

398 1836 469 1861 um
510 1822 714 1862 Ordinem
755 1832 797 1859 et
838 1834 931 1857 aves
974 1818 1240 1856 tenuirostres
1283 1819 1583 1864 collocaverat3
1654 1819 1974 1869 Moeringius
2017 1816 2070 1855 ad

395 1895 581 1936 Gallinas
620 1893 772 1940 traxit3
825 1895 1061 1932 Kleinius
1098 1890 1206 1929 inter
1245 1890 1532 1930 Gallinaceum
1570 1891 1759 1930 ordinem
1790 1891 1884 1938 vel,
1928 1901 1973 1929 ut
2001 1889 2069 1929 illi

396 1980 479 2018 est,
525 1971 687 2017 Genus,
734 1979 775 2007 et
811 1970 938 2007 Grues
979 1964 1147 2011 statuit3
1207 1967 1501 2005 Brissonius
1545 1965 1742 2019 singulari
1785 1964 1930 2004 ordine
1974 1975 2068 2003 ante

398 2044 609 2092 Gallinas3
647 2046 894 2083 Linnaeus
923 2041 1020 2080 inde
1052 2056 1074 2078 a
1103 2039 1248 2094 primis
1278 2039 1512 2093 systematis
1541 2039 1829 2085 incunabulis,
1859 2053 1986 2092 usque
2017 2039 2068 2078 ad

398 2118 589 2159 ultimam
620 2130 797 2160 aetatem
825 2117 935 2157 inter
963 2119 1147 2155 Passeres
1191 2125 1463 2154 recensuerat.
1503 2113 1616 2154 Mihi
1645 2128 1805 2167 semper
1844 2113 1978 2153 visum
2008 2123 2069 2152 est

396 2196 448 2236 ad
491 2195 763 2250 posteriorum
818 2192 1025 2234 Ordinum
1066 2191 1226 2230 nullum
1283 2190 1505 2230 Columbas
1555 2188 1799 2228 naturaliter
1840 2188 2063 2242 pertinere.

396 2270 502 2310 Cum
544 2271 788 2310 Gallinaceis
817 2267 971 2323 qu'tppe
1001 2265 1254 2306 conveniunt
1284 2266 1371 2305 solo
1401 2270 1509 2305 victu
1539 2275 1581 2304 et
1617 2263 1784 2318 prolobo
1814 2261 2066 2315 insigniore3

396 2343 512 2382 rostri
537 2355 577 2382 et
606 2344 835 2398 tegumenti
864 2344 1015 2399 pedum
1049 2341 1280 2380 similitudo
1310 2338 1696 2395 imperfectissima,
1729 2336 1912 2391 corporis
1940 2336 2066 2375 nulla.

397 2417 608 2459 Differunt
637 2421 687 2460 ab
717 2419 768 2459 iis
799 2417 981 2460 maxime
1027 2427 1195 2467 natura,
1251 2430 1378 2470 quum
1407 2414 1489 2455 sint
1531 2425 1828 2467 monogamae,
1885 2409 2065 2449 alternae
