2196 2927
84 299 142 328 est
154 294 166 337 ‚⁷
194 286 562 341 lubentissimeque
592 285 809 326 occidente
839 284 924 325 sole
955 282 1135 323 Alaudas
1165 296 1207 324 01
1237 285 1499 334 Coturnices,
1535 287 1621 328 imo
1652 292 1742 328 Pes-

82 362 194 403 dices
225 378 386 418 quoque
417 362 652 402 insectatur.
721 359 1032 413 Peregrinantes
1070 374 1193 414 saepe
1232 375 1303 414 per
1334 377 1479 416 magna
1509 378 1745 418 camporum

81 437 212 492 spatia
241 437 483 483 comitatur,
525 437 780 491 proturbatas
820 434 929 474 circa
964 432 1075 473 viam
1105 433 1286 473 aviculas
1332 438 1524 476 audacter
1567 440 1745 494 rapiens,

80 523 124 551 ut
154 524 195 552 et
226 527 405 567 passeres
434 511 477 551 in
506 510 617 565 ipsos
645 525 771 565 usque
801 524 926 565 pagos
966 507 1163 548 acerrime
1207 520 1397 548 sectatur.
1470 513 1634 552 Institui
1676 530 1745 569 po-

77 598 157 627 test
187 589 239 627 ad
269 587 489 641 captandas
521 585 700 625 aviculas
729 596 771 625 et
801 585 999 624 audacula
1028 583 1156 624 etiam
1179 583 1402 624 Cornicem
1425 586 1674 639 adgreditur.
1692 611 1744 622 -ι

76 662 348 701 Delectantur
376 675 425 700 eo
456 671 498 701 et
529 659 756 701 Calmucci.
824 661 931 702 Pulli
961 660 1060 700 nido
1098 659 1261 714 expulsi
1303 659 1592 701 clamosissimi
1620 662 1743 703 Julio.

74 739 254 791 Hyemes
283 746 438 776 nostras
469 735 695 775 maximam
724 747 886 790 partem
916 735 1042 790 fugit,
1090 746 1132 774 et
1170 750 1192 775 e
1230 735 1468 775 borealibus
1512 736 1741 791 demigrant

73 825 235 857 omnes,
265 811 376 865 quod
406 821 446 850 et
478 811 528 850 de
558 810 826 866 sequentibus
856 809 1072 866 speciebus
1101 809 1436 865 intelligendum.

205 914 374 953 Descr.
435 912 705 952 Notissimam
736 912 837 953 licet
874 926 1011 960 avem,
1056 911 1239 951 breviter
1280 911 1530 960 describam,
1576 924 1620 953 ut
1647 914 1739 954 reli-

69 987 160 1041 quis
190 987 336 1027 melius
366 999 639 1041 comparetur.
698 990 821 1036 Cera,
853 987 993 1041 anguli
1021 985 1102 1026 oris
1140 997 1183 1025 et
1219 988 1435 1042 palpebrae
1478 988 1562 1028 late
1606 991 1738 1029 nudae

68 1061 302 1101 flavissima.
360 1064 548 1102 Rostrum
578 1061 1115 1117 coer-alescente-nigricat‚
1148 1062 1199 1101 ad
1223 1076 1360 1101 ceram
1383 1061 1601 1104 virescens.
1645 1065 1736 1104 Ver-

67 1146 135 1176 tea:
166 1148 207 1176 et
238 1136 323 1176 avis
351 1153 474 1191 supra
509 1148 596 1177 tota
636 1137 993 1192 fusco-nigricat3
1037 1147 1190 1176 tractus
1232 1137 1509 1192 supraciliaris
1546 1137 1740 1193 pallidus,

66 1209 285 1265 nuchaque
315 1210 474 1265 pallido
504 1211 696 1266 utrinque
725 1211 906 1252 liturata.
972 1213 1139 1251 Macula
1177 1211 1293 1265 nigra
1331 1223 1540 1266 mystacea
1578 1214 1628 1252 ab
1657 1212 1738 1253 oris

68 1285 216 1339 angulo
245 1285 437 1339 utrinque
469 1286 723 1326 descendens
753 1297 797 1325 ut
826 1286 870 1326 in
902 1289 946 1326 F.
977 1285 1211 1341 peregrino.
1278 1287 1383 1326 Gula
1413 1286 1517 1327 alba.
1578 1287 1736 1342 Corpus

64 1361 202 1400 subtus
230 1360 402 1401 maculis
432 1361 803 1415 longitudinalibus
834 1361 975 1416 nigris.
1035 1361 1248 1401 Abdomen
1277 1372 1318 1400 et
1348 1360 1519 1401 crissum
1546 1361 1735 1401 albo-ru-

64 1435 241 1482 fescunt3
275 1437 495 1488 femoralia
523 1435 686 1475 intense
715 1437 824 1485 rufa,
869 1435 1033 1490 punctis
1069 1434 1198 1489 nigris
1228 1435 1388 1490 sparsis.
1457 1438 1563 1477 Alae
1593 1438 1733 1476 subtus

63 1510 176 1549 fusco
205 1511 382 1564 alboque
411 1510 666 1564 variegatae,
707 1511 961 1565 compositae
998 1511 1128 1550 cauda
1156 1511 1280 1564 paulo
1310 1509 1529 1564 longiores.
1597 1513 1732 1552 Remi-

58 1599 133 1638 ges
162 1584 332 1625 maculis
358 1585 599 1625 transversis
627 1584 817 1640 oblongis
826 1614 839 1632 ‚
882 1586 1118 1625 albo-rufis.
1178 1587 1376 1625 Rectrices
1406 1585 1618 1639 aequales,
1662 1599 1731 1625 ex·

62 1670 124 1698 tus
155 1660 453 1714 nigrescenteS,
482 1659 593 1700 intus
622 1659 759 1700 fasciis
789 1659 1089 1700 rufescentibus
1119 1659 1372 1700 transversis.
1443 1660 1569 1700 Pedes
1599 1658 1730 1699 ssavis-

62 1732 174 1782 simi‚
208 1734 435 1789 digitorum
464 1737 604 1776 subtus
633 1735 814 1776 verrucis
843 1734 1190 1780 semi-ovalibus3
1220 1751 1372 1789 ungues
1400 1734 1521 1789 nigri.
1545 1759 1598 1765 —
1628 1735 1729 1775 Pon-

62 1809 136 1849 dus
164 1810 318 1850 unciar.
350 1817 388 1851 ὃ.
419 1812 470 1851 ad
500 1828 538 1862 9.
608 1812 796 1852 Mensura
839 1812 890 1850 ad
929 1809 1178 1864 uropygium
1208 1812 1265 1862 7⁰.
1296 1811 1451 1850 caulae
1484 1815 1541 1851 5'‘.
1575 1810 1641 1850 2'''.
1672 1811 1730 1850 ul-

62 1899 138 1924 nae
167 1885 321 1925 alarum
351 1887 409 1937 9''.
446 1889 535 1926 10“‘.
565 1900 838 1941 expansarum
869 1887 914 1926 2'.
946 1890 1006 1927 δ”.
1034 1884 1233 1926 tibiarum
1267 1887 1318 1926 1''.
1352 1885 1418 1925 2'''.
1449 1883 1574 1939 digiti
1596 1884 1727 1925 medii

65 1973 157 1998 cuin
188 1960 295 2012 (5‘'.)
324 1974 458 2015 ungue
495 1964 547 2001 1''.
579 1964 665 2005 &3¹²2

420 2079 499 2121 16.
545 2081 625 2121 -†-F
656 2082 696 2122 A
723 2081 757 2122 L
787 2077 827 2122 C
856 2080 896 2122 O
987 2078 1379 2121 Τὶηηιιηειιῖιις.

197 2160 243 2197 F.
275 2173 367 2198 cera
406 2159 664 2215 pedibusque
706 2159 1057 2206 fulvescentibus,
1098 2157 1341 2199 rectricibus
1384 2157 1509 2198 fascia
1544 2158 1627 2197 lata
1663 2159 1722 2198 ni-

63 2248 132 2289 gra
162 2233 278 2289 apice
309 2233 425 2274 albis.

277 2308 562 2349 Tinnvmculus
592 2325 621 2349 s.
653 2308 854 2349 Cenchris
884 2314 1134 2356 Auctorurm
1175 2311 1348 2350 Brisson.
1377 2324 1461 2350 orn.
1489 2311 1523 2350 Ι.
1560 2325 1599 2364 p.
1631 2315 1722 2359 393.

331 2385 469 2425 Alban.
500 2400 563 2426 av.
593 2388 667 2426 ΠΙ.
699 2386 781 2427 tab.
813 2393 848 2428 5.
878 2387 984 2425 Mas.
1014 2387 1047 2424 I.
1078 2385 1159 2426 tab.
1193 2402 1229 2439 7.
1250 2387 1420 2438 femina,
