2196 2927
410 184 467 222 66
1161 181 1304 210 'z

409 292 563 347 hyeme
594 300 790 344 vagantur
820 285 935 342 quasi
963 284 1118 335 rabidi,
1166 283 1331 325 homini
1361 283 1544 324 maxime
1575 285 1768 334 obnoxii,
1813 301 2077 341 voracesque,

411 367 513 407 licet
553 363 786 405 stomachus
815 374 913 402 tunc
948 361 1126 417 pessime
1164 371 1326 415 coquat.
1386 362 1433 400 Id
1464 359 1591 399 etiam
1619 359 1664 399 in
1694 359 1847 400 Sibiria
1882 361 1982 401 raris
2013 377 2078 400 an-

411 442 472 481 nis
503 442 760 488 observatur,
791 436 863 493 ubi
892 436 1068 477 solitarii
1098 435 1237 490 vagari
1267 434 1366 484 visi,
1408 446 1449 475 et
1479 434 1612 475 sicubi
1642 434 1704 474 sui
1733 434 1888 475 similis
1912 436 2081 475 obviam

413 518 543 564 fieret,
585 515 636 553 ad
677 511 1008 552 internecionem
1036 525 1249 566 pugnasse.
1322 510 1476 550 Contra
1506 521 1679 559 aestate,
1713 525 1839 565 quum
1870 510 2080 564 vegetabi-

412 589 462 630 lis
493 588 626 628 victus
658 588 859 636 abundat,
891 586 950 626 ita
979 586 1100 626 mites
1131 596 1242 634 sunt,
1281 596 1326 624 ut
1353 584 1505 640 puellis
1535 584 1579 624 in
1609 584 1737 639 sylvis
1766 586 1913 625 baccas
1943 585 2080 639 legen-

410 663 539 712 tibus,
579 663 774 702 collectas
805 663 1024 710 devorent,
1069 659 1177 715 ipsas
1206 659 1381 699 intactas
1412 659 1647 699 demittant.
1719 663 1815 699 Post
1844 658 2081 714 hybernum

409 737 609 793 jejunium
648 735 958 778 Camtschadali
987 736 1144 782 ferunt,
1189 749 1300 774 ursos
1330 734 1514 774 radicem
1544 733 1762 774 Dracontii
1792 733 2081 774 camtschatici

411 828 503 852 cum
531 811 763 851 turionibus
794 812 985 850 effossam
1015 824 1157 849 vorare
1197 810 1247 848 ad
1289 810 1618 864 praeparandum
1647 807 1927 855 stomachum,
1971 810 2080 848 unde

413 899 453 926 et
483 886 583 941 ipsis
614 885 717 925 haec
748 884 866 925 radix
895 884 939 924 in
970 900 1042 924 usu
1072 895 1145 924 est.
1218 882 1363 923 Simile
1407 883 1509 938 quid
1540 885 1590 923 de
1623 886 1707 923 Aro
1737 899 1921 923 ursorum
1952 883 2081 923 medi-

411 961 573 1001 camine
605 975 732 1000 verno
763 961 961 1000 Plinius
992 961 1101 998 VIII.
1134 967 1197 1007 54.
1257 959 1477 998 Caeterum
1506 958 1654 997 bulbos
1684 957 1927 997 Victorialis
1958 969 1999 997 et
2029 959 2083 997 al-

410 1035 465 1075 lia
495 1035 627 1084 varia,
669 1034 828 1074 radices
871 1034 1075 1087 Polygoni
1112 1031 1310 1087 vivipari‚
1351 1031 1537 1071 liliorum
1579 1046 1743 1085 quoque
1786 1042 1827 1070 et
1869 1031 2082 1071 Fumariae

411 1121 532 1164 atque
564 1109 811 1164 Claytoniae
841 1109 988 1147 bulbos
1018 1108 1206 1155 effossos,
1252 1117 1294 1145 et
1329 1107 1475 1146 baccas
1513 1105 1640 1146 Corni
1671 1106 1812 1154 albae,
1857 1105 2084 1145 Lonicerae

412 1185 644 1232 coeruleae,
689 1181 1005 1229 Vacciniorum,
1047 1181 1184 1229 Sorbi,
1226 1182 1441 1220 Ruborum
1470 1179 1697 1228 variorum,
1739 1180 1923 1220 turiones
1960 1180 2084 1235 Equi-

413 1258 510 1306 seti,
543 1255 784 1297 Senecionis
814 1255 1104 1303 cannabifolii,
1150 1266 1190 1294 et
1215 1254 1381 1309 Spireae
1413 1253 1733 1293 camtschaticae
1764 1265 1898 1301 vorat3
1931 1266 2084 1294 aestate

413 1347 511 1372 vero
553 1332 663 1372 circa
704 1345 815 1370 mare
858 1341 900 1369 et
942 1340 1137 1368 autumno
1167 1329 1394 1368 secundum
1423 1328 1593 1368 flumina
1621 1327 1800 1383 piscium
1830 1329 2083 1369 abundantia

413 1418 522 1446 satur
563 1418 605 1446 et
646 1418 744 1445 tunc
788 1406 1010 1445 admodum
1055 1415 1288 1443 mansuetus
1330 1415 1404 1443 est.
1477 1407 1523 1442 In
1566 1403 1694 1458 sylvis
1725 1403 1875 1459 alpinis
1906 1403 2084 1443 Sibiriae

412 1481 564 1536 passim
595 1482 715 1520 Rubo
745 1480 866 1520 idaeo
896 1479 1012 1533 quasi
1043 1490 1180 1532 segete
1211 1478 1384 1533 opertis,
1422 1478 1541 1531 hujus
1571 1478 1752 1518 maxime
1782 1480 1928 1518 baccas
1958 1490 2085 1519 secta-

411 1567 498 1602 tur,
527 1567 571 1595 ut
599 1555 752 1609 ubique
782 1569 855 1608 per
883 1554 1018 1607 sylvas
1046 1563 1223 1591 tractum
1251 1552 1539 1592 incedentium
1567 1568 1752 1592 ursorum
1781 1553 1936 1592 videas.
2006 1555 2087 1594 Sed

413 1630 483 1670 ubi
513 1630 711 1669 alimenta
741 1630 916 1667 deficere
945 1626 1177 1681 incipiunt,
1222 1625 1473 1666 crudeliores
1512 1629 1631 1676 fiunt,
1675 1625 1973 1682 hominemque
2003 1643 2084 1668 non

413 1720 502 1745 raro
532 1720 583 1745 ex
614 1702 778 1744 insidiis
808 1702 1067 1748 adoriuntur3
1111 1715 1231 1741 canes
1279 1712 1418 1740 tamen
1460 1701 1624 1742 timent.
1656 1725 1704 1733 --
1747 1705 1855 1741 Vere
1897 1702 1975 1757 pili
2018 1705 2085 1743 de-

412 1782 536 1820 fluere
565 1779 774 1834 incipiunt
802 1777 972 1827 sensim,
1015 1778 1074 1816 ita
1102 1787 1147 1816 ut
1177 1792 1199 1815 a
1226 1775 1348 1816 Junio
1377 1777 1428 1815 ad
1457 1780 1688 1831 Augustum
1718 1791 1839 1832 saepe
1870 1778 1955 1817 fere
1985 1779 2082 1818 nudi

413 1857 622 1896 incedant.
694 1853 925 1893 Novembri
953 1853 1111 1908 pelles,
1156 1852 1311 1892 refecto
1341 1851 1443 1892 villo
1472 1852 1669 1907 optimae.
1740 1855 1830 1891 Jam
1859 1853 1931 1892 sub
1961 1855 2085 1892 finem

416 1931 629 1979 Octobris,
660 1929 704 1969 in
734 1928 948 1982 frigidiore
979 1927 1132 1968 Sibiria
1161 1925 1375 1976 orientali,
1407 1925 1691 1982 hybernacula
1719 1939 1940 1981 quaerunt,
1971 1943 2084 1984 prae-

415 2005 555 2045 se1tim
584 2006 657 2045 sub
688 2003 881 2058 antiquae
911 2005 1124 2055 cujusdam
1154 2001 1308 2042 arboris
1336 2001 1563 2051 radicibus,
1594 2002 1662 2041 vel
1677 2004 1856 2051 tumulo,
1889 2004 1956 2043 vel
1971 2018 2084 2059 prae-

416 2092 533 2135 rupta
562 2081 738 2134 quadam
768 2080 842 2118 sub
872 2078 983 2134 ripa,
1014 2079 1086 2118 ubi
1116 2079 1225 2118 facto
1255 2089 1392 2126 antro,
1424 2077 1619 2126 solitarii,
1656 2078 1723 2117 vel
1752 2078 1996 2134 plerumque
2025 2078 2084 2118 bi-

414 2154 478 2203 ni,
522 2170 612 2194 raro
653 2155 791 2209 plures
819 2165 862 2193 et
891 2156 942 2194 ad
971 2165 1145 2209 quatuor
1172 2168 1300 2207 usque
1328 2152 1553 2207 hyemant,
1596 2154 1668 2193 sed
1711 2168 1793 2192 non
1835 2153 1974 2193 statim
2014 2155 2083 2193 ob—

418 2229 647 2278 dormiunt,
691 2240 737 2268 ut
775 2239 869 2267 ante
898 2231 1180 2268 confirmatam
1211 2227 1407 2282 hyemem
1435 2227 1713 2283 periculosum
1742 2228 1795 2268 sit
1822 2228 2085 2269 venatoribus

419 2303 580 2355 spelaea
609 2317 861 2358 expugnare.
920 2303 1144 2342 Februario
1173 2302 1300 2343 occisi
1329 2302 1463 2343 adhuc
1492 2302 1665 2357 pingues
1693 2305 1983 2349 observantur,
2028 2313 2082 2341 at-

419 2389 497 2428 que
527 2377 695 2417 demum
722 2393 835 2427 vere,
867 2392 994 2431 quum
1022 2376 1175 2416 exituri
1205 2390 1308 2426 sunt,
1352 2379 1463 2432 quod
1503 2393 1625 2433 saepe
1660 2379 1705 2417 fit
1733 2378 1902 2416 demum
1929 2375 2080 2431 Aprili,
