2196 2927
927 205 1072 230 ΞΕ
1749 207 1837 248 555

167 301 424 344 arundinetis
453 313 495 344 et
537 300 720 343 salicetis
761 301 955 357 frequens
983 313 1026 342 et
1055 316 1149 341 cum
1190 304 1469 356 praecedente
1509 304 1741 361 promiscue
1771 305 1831 345 vi-

167 378 255 425 vit,
286 377 465 427 dehinc,
513 378 619 417 ultra
649 378 849 417 Uralense
877 380 1044 431 jugum,
1085 391 1158 431 per
1188 378 1421 419 universam
1451 380 1592 420 Asiam
1621 380 1834 420 borealem

165 453 308 501 deest,
353 453 600 492 succedente
630 455 672 491 P.
703 467 861 506 cyano,
905 451 1066 506 frigoris
1096 451 1358 506 patientiore.
1418 458 1460 494 P.
1491 456 1705 495 coeruleus
1736 469 1833 495 cou-

165 537 226 566 tra
256 525 409 581 hyeme
441 528 492 566 ad
522 538 701 566 austrum
732 526 907 580 migrat,
940 541 1033 565 cum
1064 530 1107 565 P.
1138 527 1308 566 barbato
1340 528 1560 569 rediturus.

299 602 376 641 No
398 612 430 641 t.
476 601 581 641 Cum
612 605 654 640 P.
701 601 844 654 Cyano
873 598 1072 639 convenit
1106 604 1207 639 vitta
1237 612 1279 640 et
1308 603 1446 642 colore
1478 604 1632 643 alarum
1663 606 1834 659 pedum-

163 690 271 730 que;
322 677 394 716 sed
419 680 522 729 gula
556 686 641 714 atra
671 674 715 713 in
743 685 934 728 torquem
966 689 1104 714 versus
1133 673 1314 715 nucham
1355 677 1678 718 adscendentem
1707 679 1836 719 conti-

163 761 300 789 nuata.
375 751 548 789 Dorsum
585 748 754 788 virescit
791 760 831 788 et
867 751 1006 789 subsus
1047 760 1156 788 totus
1194 749 1416 805 sulphureo
1454 754 1620 792 flavens.
1691 754 1836 793 Gauda

162 840 245 864 non
275 835 475 873 cuneata,
509 825 581 864 sed
611 823 817 877 aequalis;
848 822 1138 871 subforficat513
1180 824 1334 865 rectrix
1363 826 1520 866 extima
1551 829 1734 881 margine
1765 841 1834 867 ex-

160 910 280 941 terno
311 900 429 947 alba,
460 898 645 953 reliquae
677 910 797 939 extus
827 910 1136 953 cyanescentes.
1195 901 1356 941 Pondus
1385 900 1676 942 drachmarum
1703 909 1759 959 δὲ.

542 1025 673 1070 168.
763 1026 798 1066 Ρ
827 1025 868 1068 Α
897 1026 935 1068 R
964 1027 1006 1069 U
1042 1027 1069 1068 S
1168 1029 1464 1071 cristatus.

300 1121 344 1159 P.
374 1117 530 1158 vertice
562 1117 754 1167 cristato,
786 1118 879 1158 albo
910 1117 1110 1173 nigroque
1142 1120 1274 1166 vario,
1306 1121 1400 1174 gula
1430 1118 1628 1174 vittisque
1658 1117 1801 1173 nigris.

380 1197 502 1233 Parus
548 1192 736 1232 cristatus
780 1204 1016 1242 auctorum,
1082 1194 1299 1248 Wzllzcghb.
1342 1211 1422 1235 orn.
1455 1211 1493 1250 p.
1539 1202 1624 1247 175.
1655 1195 1738 1234 tab.
1769 1199 1836 1243 43.

432 1268 523 1321 Raj.
554 1281 618 1305 av.
649 1283 689 1320 p.
720 1276 784 1318 74.
816 1283 852 1306 η.
884 1275 920 1308 6.
950 1269 1088 1308 Albin.
1119 1284 1184 1308 av.
1214 1271 1267 1308 ΙΙ.
1300 1270 1381 1309 tab.
1414 1278 1478 1321 57.
1499 1271 1583 1323 fig.
1616 1287 1652 1309 2.
1683 1269 1836 1307 Frisch.

442 1356 507 1379 av.
537 1339 620 1379 tab.
669 1348 728 1388 14.
757 1341 832 1393 fig.
865 1357 901 1379 2.
945 1342 1123 1380 Brisson.
1155 1357 1238 1381 orn.
1280 1344 1352 1381 HI.
1384 1359 1422 1389 p.
1454 1349 1543 1383 558.
1575 1358 1635 1397 sp.
1668 1349 1701 1382 ὃ,
1746 1344 1835 1381 Lin.

436 1425 538 1468 xyst.
568 1416 661 1455 XII.
702 1431 738 1470 p.
771 1421 862 1463 340.
900 1430 960 1468 sp.
993 1431 1028 1454 2.
1072 1416 1285 1455 D‘aubent.
1317 1421 1412 1469 pict.
1442 1417 1524 1456 tab.
1567 1424 1657 1457 502.
1679 1417 1762 1470 fig.
1796 1433 1834 1456 2.

434 1490 608 1530 Crested
641 1488 871 1528 Titmouse.
929 1490 1117 1529 Latham.
1146 1505 1238 1543 syn.
1270 1491 1340 1530 IV.
1371 1507 1410 1545 p.
1443 1498 1533 1540 545.
1565 1506 1602 1530 η.
1639 1508 1698 1530 12.

300 1566 350 1605 In
379 1563 633 1605 occidentali
663 1575 705 1603 et
737 1562 905 1604 australi
944 1563 1111 1612 Rossia,
1144 1577 1271 1618 usque
1303 1565 1354 1604 ad
1395 1566 1598 1620 Volgam,
1631 1567 1759 1604 etiam
1789 1568 1835 1606 P.

161 1641 355 1682 coeruleo
386 1640 470 1679 fere
500 1637 662 1693 parcius
691 1638 874 1686 occurit,
906 1652 979 1693 per
1008 1637 1223 1679 ulteriores
1253 1650 1405 1690 terras,
1446 1655 1694 1696 omnemque
1725 1638 1831 1680 Sibi·

162 1715 265 1756 riam
295 1715 441 1755 frustra
470 1713 691 1768 quaeritur.

502 1840 630 1896 169.
736 1839 1027 1882 PARUS
1133 1841 1500 1896 FringillagO.

294 1934 338 1971 P.
369 1945 488 1985 supra
516 1929 749 1976 virescens,
793 1931 932 1968 subtus
968 1929 1191 1977 flavieans,
1235 1931 1371 1985 capite
1409 1943 1522 1980 atro,
1567 1930 1824 1986 temporibus

163 2006 282 2048 albis.

382 2079 639 2134 Fringillago
682 2093 754 2118 seu
782 2081 904 2118 Parus
947 2081 1101 2131 major,
1160 2079 1376 2134 Willughb.
1413 2096 1496 2122 orn.
1528 2096 1563 2135 p.
1604 2089 1689 2133 174·
1741 2081 1834 2136 Rch‘.

437 2172 500 2196 av.
533 2171 572 2210 p.
617 2156 680 2207 73.
713 2170 750 2194 n.
786 2136 843 2192 ι..
875 2153 1012 2193 Albin.
1057 2170 1121 2194 αυ.
1153 2156 1184 2194 Ι.
1216 2156 1298 2195 tab.
1337 2163 1402 2205 46.
1461 2157 1612 2196 Frisch.
1655 2171 1718 2195 av.
1756 2156 1832 2193 ΙΠ.

436 2230 517 2270 tab.
555 2234 614 2268 13.
636 2230 718 2282 fig.
764 2246 795 2268 1.
828 2245 863 2268 2.
909 2229 1085 2268 Brisson.
1122 2243 1204 2268 orn.
1234 2231 1308 2268 III·
1339 2247 1378 2286 p.
1416 2237 1507 2281 589.
1539 2246 1598 2285 sp.
1637 2248 1668 2269 1.
1712 2230 1830 2270 Zool.

435 2306 525 2344 brit.
570 2320 608 2358 p.
660 2310 745 2344 113.
787 2318 846 2358 sp.
895 2321 927 2344 1.
972 2303 1053 2344 tab.
1103 2303 1162 2344 W.
1184 2305 1267 2359 fig.
1298 2313 1336 2356 4.
1379 2305 1593 2347 D'aubent.
1623 2309 1719 2360 pict.
1749 2304 1830 2345 tab.

442 2385 478 2421 3.
498 2380 581 2433 fig.
616 2395 648 2417 1.

1382 2437 1404 2459 Q
