2196 2927
538 295 1775 387 LACTANTIUM

956 448 1341 499 oRDor

815 590 867 660 F
956 589 1015 659 E
1102 589 1167 658 R
1254 588 1323 658 A
1409 588 1488 660 E.

762 761 871 767 -.-..-.„
877 759 914 766 „a
923 760 954 765 ,2⁷
961 760 1012 767 aaa·
1018 760 1023 765 1
1040 758 1597 766 -mffi-wssnae-——a—-oem-ae

463 881 577 922 Ordo
606 880 806 927 Ferarum,
836 889 1030 931 tanquam
1058 874 1369 915 evidentissime
1395 892 1416 915 a
1439 879 1598 915 Natura
1620 876 1879 927 constitutus,
1904 881 1986 931 jam

331 958 381 996 ab
407 957 711 996 Aristotelis
738 952 835 992 inde
866 966 979 1000 aevo,
1010 966 1208 991 consensu
1243 950 1430 990 unanimi
1468 951 1744 1006 Zoologorum
1783 951 1985 992 constitit.

325 1028 669 1070 Evidentissimus
698 1026 809 1067 enim
837 1026 881 1066 in
909 1027 1086 1066 dentium
1113 1025 1409 1075 uniformitate,
1439 1030 1525 1066 vita
1558 1024 1839 1080 praedatoria,
1878 1030 1988 1065 victu,

325 1103 512 1152 animali,
558 1103 793 1155 digestionis
827 1111 868 1139 et
899 1105 1169 1155 generationis
1204 1099 1379 1155 organis,
1419 1099 1592 1154 aliisque
1629 1100 1789 1139 habitus
1824 1098 1988 1139 externi

325 1177 545 1218 momentis
581 1189 799 1215 consensus
827 1174 1018 1214 omnibus
1047 1174 1170 1214 facile
1198 1175 1505 1229 praeluxerunt.
1575 1175 1614 1212 A
1652 1172 1862 1214 nonnullis
1897 1172 1987 1228 qui-

323 1254 418 1292 dem
453 1251 662 1305 complura
691 1250 972 1301 Semcferarum
1000 1247 1134 1300 (mihi
1164 1247 1394 1300 dictarum)
1424 1262 1574 1301 genera
1596 1246 1679 1288 huc
1702 1261 1866 1304 quoque
1891 1262 1987 1289 cone

321 1337 529 1366 numerata
557 1326 736 1374 fuerunt,
775 1324 848 1364 sed
875 1322 1009 1364 minus
1037 1323 1321 1365 consentiente
1350 1326 1521 1363 Natura.

459 1479 611 1519 Ferae
639 1475 804 1532 proprie
833 1475 891 1515 sic
920 1476 1122 1517 dicendae
1151 1491 1222 1516 scu
1252 1490 1363 1516 mere
1393 1478 1604 1516 carnivora
1633 1485 1675 1514 et
1703 1477 1871 1529 rapacia
1903 1478 1984 1515 ani<

323 1556 461 1599 malia,
491 1567 661 1606 quarum
691 1550 848 1605 species
876 1550 919 1590 in
949 1552 1061 1592 Orbe
1096 1550 1315 1606 insigniter
1352 1549 1674 1604 multiplicatae,
1712 1548 1814 1588 licet
1850 1548 1986 1588 minus

320 1625 544 1679 prolificae,
574 1640 765 1678 magnam
792 1625 835 1664 in
867 1625 1094 1665 Ordinibus
1121 1625 1357 1665 imbellium
1385 1622 1713 1663 foecunditatem
1735 1637 1811 1676 pro
1833 1634 1987 1662 susten-

323 1700 446 1738 tanda
474 1697 648 1737 immani
678 1696 902 1735 voracitate
929 1697 1205 1750 expostulant,
1221 1707 1384 1750 praeter
1407 1696 1584 1735 dentium
1608 1694 1902 1745 characterem,
1928 1701 1985 1736 in-

327 1775 471 1811 cisores
506 1784 656 1825 nempe
692 1784 762 1808 seu
791 1774 981 1822 primores
1009 1769 1209 1817 minutos,
1248 1773 1431 1809 laniariis
1465 1768 1759 1808 robustissimis
1796 1769 1982 1824 stipatos,

327 1856 369 1883 et
404 1848 574 1884 molares
609 1842 1087 1897 lacero-tricuspidatos,
1129 1843 1383 1883 conveniunt
1419 1843 1560 1883 multis
1589 1842 1681 1883 aliis
1709 1857 1762 1883 ex
1793 1855 1984 1884 anatome

326 1930 559 1973 comparata
582 1916 785 1973 petendis.
829 1917 895 1957 Sic
919 1933 957 1957 v.
983 1931 1040 1972 gr.
1070 1918 1260 1958 omnibus
1297 1922 1519 1959 claviculae
1554 1917 1738 1958 minutae
1776 1917 1821 1958 in
1858 1920 1982 1959 cellu-

325 1993 410 2032 losa
445 1993 720 2032 musculorum
753 1991 922 2031 inutiles
958 2003 1001 2031 et
1035 2007 1109 2032 usu
1143 1994 1226 2032 fere
1256 1993 1413 2041 nullae,
1449 1997 1567 2048 spina
1599 1994 1833 2034 vertebralis
1870 1995 1981 2034 elon-

324 2078 415 2120 gata
443 2078 486 2106 et
515 2067 739 2106 admodum
766 2065 937 2116 flexilis,
970 2071 1139 2107 musculi
1167 2082 1241 2122 pro
1269 2067 1550 2107 teneritudine
1578 2067 1751 2108 immani
1788 2068 1831 2108 vi
1866 2082 1980 2124 prae-

324 2141 414 2189 diti,
444 2142 694 2195 oesophagus
722 2151 763 2179 et
791 2139 923 2179 omnis
951 2145 1105 2182 canalis
1133 2146 1407 2182 alimentarias
1434 2142 1649 2198 perampli,
1679 2145 1837 2193 breves,
1861 2159 1979 2184 coeco

324 2226 365 2254 et
391 2220 478 2256 colo
506 2213 770 2262 brevissimis,
800 2219 860 2253 vis
887 2215 1087 2267 digestiva
1122 2215 1344 2257 ventriculi
1378 2227 1511 2267 tanta,
1549 2228 1594 2258 ut
1621 2217 1777 2258 ossibus
1806 2233 1889 2258 non
1925 2217 1979 2257 sit

322 2288 466 2344 impar,
491 2293 667 2343 genitale
694 2288 738 2328 in
766 2287 957 2328 masculis
987 2304 1071 2329 osse
1099 2291 1330 2338 suffultum3
1368 2301 1456 2331 cute
1492 2291 1619 2332 etiam
1655 2293 1879 2331 admodum
1909 2305 1977 2330 exo

322 2363 475 2414 tensili,
505 2378 578 2419 pro
605 2361 856 2406 facilitandis
885 2362 1065 2403 motibus
1089 2375 1130 2404 et
1153 2365 1407 2421 pinguedine
1431 2366 1562 2417 molli,
1587 2366 1673 2406 imo
1688 2380 1808 2420 saepe
1824 2367 1975 2415 oleosa,
