2196 2927
371 198 459 238 530
1134 201 1278 223 m

368 299 551 339 maxime
572 298 757 338 fluvium.
818 299 1002 338 Varietas
1019 298 1099 337 alia
1116 297 1282 352 incipit,
1315 299 1454 337 subtus
1470 309 1556 338 tota
1575 300 1673 347 rufa,
1706 314 1835 354 eaque
1860 299 1902 340 in
1925 313 2043 341 trans>

368 372 670 414 bars-alensibus
714 373 979 427 regionibus,
1023 388 1180 428 perque
1224 387 1392 411 omnem
1431 372 1673 413 ulteriorem
1704 374 1874 424 Asiam,
1921 392 2043 430 usque

362 449 407 489 in
441 447 778 488 Camtschatcam
820 448 912 501 (ubi
942 451 1026 502 ejus
1056 446 1162 502 pulli
1192 446 1328 487 adhuc
1358 448 1574 502 deplumes
1604 448 1754 488 incolis
1784 449 1827 489 in
1856 451 2048 491 maximis

366 523 531 564 deliciis
563 523 788 577 habentur)
833 524 918 563 sola
956 522 1161 569 occurrit,
1204 523 1327 576 plane
1359 522 1578 562 deficiente
1625 524 1754 563 altera
1796 523 2047 579 hypoleuca.

364 600 554 639 Eandem
583 599 714 638 rufam
745 597 1020 645 varietatem,
1062 613 1084 636 e
1113 596 1389 651 Pensylvania
1427 597 1617 646 missam,
1661 598 1765 638 olim
1794 601 1903 654 apud
1934 602 2049 654 Opu-

362 690 475 714 mum
504 675 862 715 Collinsonum
892 672 1106 727 descripsi.
1164 675 1353 725 Apparet
1376 671 1476 711 hinc
1507 672 1745 726 quarumvis
1768 674 2048 714 borealiorum

363 748 582 803 regionum
613 747 865 788 Hirundines
896 759 1009 786 recta
1040 748 1090 786 ad
1123 757 1303 785 austrum
1334 745 1577 800 hyematum
1618 747 1822 802 migrare,
1868 764 1950 789 non
1981 750 2047 789 dc-

364 824 523 864 clinato
552 838 695 870 cursu,
740 822 821 862 nisi
867 822 967 861 situs
1011 821 1239 876 coegerint.
1313 821 1494 875 Migrare
1539 833 1678 862 autem
1721 838 1803 863 non
1849 825 2048 864 abscondi

363 899 474 940 hanc
503 899 712 953 speciem,
745 896 992 951 migratione
1022 896 1148 936 toties
1178 897 1421 942 observata,
1452 895 1625 937 dubium
1648 897 1809 938 nullum
1836 913 2047 953 superesse

363 986 514 1030 potest.
575 974 770 1013 Redeunt
792 972 835 1011 iu
861 971 1046 1011 Dauuria
1070 971 1142 1010 vix
1166 983 1259 1011 ante
1286 970 1456 1010 initium
1479 970 1607 1025 Maji3
1638 971 1683 1012 in
1711 987 1840 1027 aeque
1863 973 2046 1014 australi-

363 1052 439 1090 bus
468 1049 638 1091 Rossiae
667 1046 906 1102 regionibus
935 1046 1146 1087 interdum
1184 1050 1266 1100 jam
1304 1045 1431 1085 initio
1462 1045 1630 1093 Martii,
1676 1046 1710 1086 si
1740 1058 1963 1102 tempestas
1993 1048 2048 1087 fa-

364 1137 472 1166 veat.
531 1127 806 1167 Observatum
838 1121 920 1162 hoc
952 1121 1029 1161 fuit
1059 1138 1081 1161 a
1111 1120 1315 1161 Studiosis
1352 1120 1503 1161 nostris
1532 1120 1703 1174 Gurjevi
1742 1123 1793 1161 ad
1823 1137 1933 1162 mare
1964 1137 2049 1163 cas-

362 1202 480 1257 pium
512 1215 618 1240 anno
655 1216 765 1251 1770.
798 1213 879 1253 quo
909 1198 1042 1237 solut-a
1072 1196 1206 1251 glacie
1243 1204 1360 1238 15m0
1382 1195 1526 1236 Martii
1548 1210 1690 1235 serena
1715 1207 1757 1236 et
1781 1208 1927 1252 pacata
1944 1208 2048 1238 tern-

363 1288 523 1333 pestate
555 1289 779 1330 apparuere
809 1272 1088 1318 Hirundines3
1120 1273 1193 1311 sed
1223 1287 1316 1312 cum
1347 1270 1584 1324 insequenti
1613 1270 1683 1311 die
1715 1270 1852 1311 subito
1877 1271 2051 1312 institis-

364 1364 429 1393 set
458 1355 608 1391 Boreas
639 1359 680 1388 et
711 1349 831 1402 gelu,
877 1346 1031 1386 multae
1062 1360 1203 1385 earum
1232 1357 1274 1385 et
1302 1345 1346 1384 in
1375 1344 1486 1385 nidis
1528 1356 1570 1384 et
1614 1345 1659 1385 in
1701 1361 1850 1401 campo
1893 1347 2047 1403 frigore

364 1426 555 1482 torpidae
589 1435 629 1464 et
661 1434 914 1463 mortuarum
944 1420 1102 1460 similes
1139 1431 1328 1476 repertae
1360 1421 1550 1470 fuerunt,
1598 1436 1771 1476 quarum
1815 1437 1896 1461 una
1932 1429 2050 1463 issmo

364 1501 511 1543 Martii
540 1498 689 1540 nostris
719 1498 878 1546 adlata,
921 1495 965 1536 in
1000 1495 1145 1551 tepido
1175 1495 1436 1551 hypocausto
1468 1497 1519 1537 ad
1550 1496 1679 1537 vitam
1710 1495 1837 1537 rediit
1866 1508 1909 1537 et
1937 1497 2046 1537 laete

366 1576 574 1618 volitavit.
636 1573 775 1614 Simili
805 1574 910 1613 forte
940 1587 1036 1612 casu
1067 1573 1175 1627 apud
1212 1587 1286 1612 nos
1325 1573 1583 1628 torpefactae
1623 1571 1818 1612 incidunt
1847 1572 1892 1611 in
1923 1587 2047 1627 aquas

365 1665 408 1694 et
438 1652 496 1692 sic
527 1668 549 1691 a
578 1648 854 1707 piscatoribus
886 1646 1185 1698 extrahuntur,
1216 1649 1328 1703 quod
1356 1647 1401 1687 in
1429 1646 1576 1687 Rossia
1607 1646 1806 1687 accidisse
1836 1662 2048 1702 nunquam

366 1727 534 1776 audivi,
566 1726 668 1767 licet
698 1724 925 1780 diligenter
953 1724 1198 1765 sciscitatus.
1258 1723 1422 1763 Retulit
1455 1734 1596 1762 tamen
1622 1723 1812 1762 Amiciss.
1838 1723 1881 1761 H
1889 1722 2051 1762 ablizl

367 1819 408 1844 se
440 1817 547 1842 anno
584 1808 697 1854 1780.
754 1799 1008 1840 Novembris
1040 1806 1077 1839 ὃ.
1124 1797 1369 1838 hirundines
1413 1796 1551 1837 adhuc
1592 1795 1893 1836 Astrachaniae
1938 1810 2048 1836 com—

366 1887 573 1919 morantes
604 1886 646 1915 et
675 1876 775 1915 duas
804 1873 848 1913 in
879 1872 1054 1914 brachio
1084 1873 1244 1926 Volgae
1276 1885 1405 1925 aquae
1442 1886 1530 1911 sese
1572 1871 1868 1925 immergentes
1913 1871 2049 1910 obser-

366 1967 495 1993 vasse.
527 1975 579 1982 —-
636 1954 684 1990 In
715 1949 1007 1990 Camtschatca
1053 1948 1249 1987 adventat
1292 1949 1419 2000 Majo.
1488 1947 1620 1986 Niclos
1664 1945 1770 1986 haec
1813 1945 1973 2000 species
2002 1943 2047 1984 in

365 2026 501 2085 planis
531 2025 769 2081 regionibus
800 2025 873 2064 sub
902 2022 1050 2072 tectis,
1096 2033 1141 2062 ut
1179 2021 1304 2077 vulgo
1341 2020 1387 2061 in
1415 2023 1578 2076 Europa
1596 2052 1607 2071 ‚
1653 2032 1694 2061 at
1722 2019 1766 2060 in
1798 2019 2046 2075 alpestribus

365 2101 575 2144 Dauuriae
605 2102 656 2141 ad
684 2110 904 2156 praerupta
933 2097 1098 2153 rupium
1129 2098 1415 2146 excelsarum,
1459 2111 1556 2136 cum
1597 2095 1832 2135 Hirundine
1876 2094 2046 2150 alpestri

367 2178 511 2227 struit,
555 2187 722 2232 paterae
765 2173 1011 2215 dimidiatae
1053 2174 1196 2214 forma.
1264 2172 1423 2212 Volant
1459 2186 1534 2226 per
1561 2170 1703 2226 paria,
1744 2181 1790 2210 ut
1818 2180 2044 2216 nostrates;

367 2257 439 2297 sed
468 2269 550 2295 vox
580 2249 711 2306 magis
742 2248 875 2304 gravis
905 2259 947 2288 et
975 2263 1125 2295 rauca,
1167 2248 1254 2288 fere
1282 2250 1333 2287 H.
1364 2245 1571 2301 ripariae,
1613 2257 1755 2286 cantus
1788 2259 1889 2285 vero
1916 2243 2041 2300 paulo

368 2327 613 2384 elegantior.
671 2328 736 2364 De
767 2329 853 2365 ovis
880 2323 1003 2377 hujus
1032 2323 1266 2371 varietatis,
1296 2339 1317 2362 a
1347 2332 1527 2362 nostrate
1557 2320 1671 2362 haud
1699 2320 1897 2368 diversis,
1939 2317 2047 2360 conf.

365 2406 617 2447 Stellerus
644 2401 690 2443 in
717 2401 820 2443 Nov.
851 2401 1073 2444 Commeat.
1103 2400 1263 2455 Petrop.
1293 2402 1374 2441 vol.
1410 2397 1480 2438 IV.
1512 2413 1552 2452 p.
1587 2403 1680 2447 428.
