2196 2927
893 183 1037 209 -···.=...···
1708 187 1760 217 22
1775 188 1788 215 1

127 278 252 321 tertio
282 295 388 322 anno
416 278 598 337 perfecta
627 280 814 329 trifurca,
858 282 996 338 qualia
1037 296 1110 336 per
1151 281 1353 337 reliquam
1395 282 1524 325 vitam
1564 286 1789 341 perferunt,

127 355 207 395 nisi
236 358 347 410 quod
379 357 605 398 senioribus
635 358 857 396 admodum
887 355 1086 396 muricata
1116 358 1306 398 evadant.
1378 361 1685 401 Mansuefactae
1731 360 1787 400 vi-

127 445 192 469 sae
221 442 313 470 sunt
343 431 547 471 foeminae
578 430 702 470 oestri
744 440 930 484 tempore
973 429 1016 469 in
1053 430 1189 483 sylvas
1219 430 1368 469 abiisse
1389 462 1399 478 ‚
1443 444 1486 472 et
1512 434 1710 489 impletae
1741 435 1791 473 ad

126 504 342 545 dominum
373 516 517 559 sponte
547 504 729 545 rediisse.
796 505 957 544 Cornua
987 505 1171 544 defluunt
1199 515 1291 558 post
1320 516 1522 555 oestrum,
1566 519 1609 546 et
1637 507 1787 562 hyeme

125 592 377 632 gemmarum
418 577 565 628 instar,
624 578 757 633 longis
807 577 906 633 pilis
949 579 1271 633 calyculatarum
1313 580 1604 634 protuberant,
1661 594 1706 621 ut
1747 582 1789 621 in

123 653 325 692 Schreberi
353 653 472 692 icone
505 667 743 707 expressum
769 664 842 693 est.
900 652 1091 707 Virgnlta
1118 664 1159 692 et
1182 654 1392 702 arborum,
1424 654 1666 708 praesertim
1689 657 1790 696 fruc-

124 726 353 773 tiferarum,
396 727 561 767 frondes
591 726 731 767 herbis
762 728 1018 783 praeferunt3
1062 726 1234 766 Viscum
1265 726 1394 766 etiarn
1422 726 1609 782 impense
1641 740 1790 768 amant.

123 800 339 840 Facillima
368 801 605 857 capreolum
635 802 802 842 venatio
832 817 948 852 vere,
998 802 1164 856 quando
1194 802 1443 855 profundae,
1489 813 1531 841 et
1559 814 1692 842 crusta
1722 805 1791 843 ob-

120 875 266 914 ductae
298 875 413 915 nives
443 891 606 915 cursum
635 876 892 931 impediunt,
933 887 976 917 et
1005 887 1219 916 venatores
1262 876 1557 930 subpedalibus
1599 876 1788 917 instructi

120 949 242 988 facile
272 949 562 1005 insequuntur3
594 953 661 991 vel
691 954 740 991 ad
771 951 994 1006 salsugines
1025 962 1067 990 et
1096 950 1204 990 rivos
1234 965 1335 1004 quos
1365 951 1640 1006 frequentant.
1698 952 1790 991 Flu-

119 1023 230 1062 mina
259 1035 421 1064 tranant
451 1025 651 1079 gregatim
681 1038 721 1065 et
753 1026 973 1080 quotannis
1003 1026 1151 1065 eodem
1175 1025 1355 1065 tramite.
1412 1027 1540 1066 Pelles
1564 1024 1791 1066 vilissimae

119 1099 170 1136 ad
200 1097 406 1151 hyemalis
448 1110 587 1139 tamen
630 1112 762 1139 vestes
806 1099 1078 1149 adhihentur,
1123 1100 1211 1155 pilo
1251 1110 1480 1140 extrorsum
1511 1115 1649 1148 verso,
1695 1099 1791 1153 quia

117 1169 293 1212 humido
324 1184 364 1212 et
394 1173 483 1212 nivi
513 1173 572 1214 sic
603 1185 695 1213 sunt
724 1173 1077 1228 impenetrabiles.
1152 1173 1377 1213 Foeminae
1408 1176 1577 1214 brevem
1608 1174 1791 1228 aliquem

118 1246 299 1286 balatum
328 1248 476 1294 edunt,
520 1263 602 1302 quo
646 1247 841 1287 hinnulos
873 1248 1097 1302 appellant.
1170 1249 1320 1287 Morbo
1351 1248 1549 1301 anginoso
1579 1249 1704 1287 bourn
1735 1248 1791 1287 fa-

116 1320 197 1360 cile
228 1321 508 1377 corripiuntur
537 1334 577 1362 et
606 1333 799 1378 pereunt,
844 1321 916 1376 qui
957 1333 1097 1362 tamen
1140 1337 1282 1376 capras
1329 1333 1370 1361 et
1401 1337 1498 1362 oves
1527 1337 1611 1364 non
1640 1321 1788 1366 inficit.

116 1395 309 1435 oestrum
341 1398 637 1436 subcutaneum
666 1397 839 1446 timent,
871 1411 953 1450 quo
982 1396 1103 1436 multi
1132 1408 1321 1452 pereunt.
1384 1398 1571 1451 Ungulae
1595 1395 1641 1439 isa
1670 1410 1790 1436 curso

116 1470 285 1510 collisae
317 1471 534 1525 crepitant.
590 1471 769 1510 Tauriae
800 1469 997 1525 Capreoli
1027 1471 1246 1526 europaeis
1291 1471 1514 1512 simillimi.
1586 1470 1789 1513 Nostrati-

114 1545 191 1584 bus
221 1543 413 1598 reliquis,
442 1544 515 1584 vix
543 1546 672 1584 ullam
701 1560 796 1584 cum
825 1544 1042 1598 europaeis
1066 1545 1310 1595 discrimen,
1341 1545 1422 1586 nisi
1451 1547 1562 1599 quod
1583 1545 1664 1585 sint
1688 1559 1787 1599 *pa-u.

114 1618 157 1660 10
187 1622 361 1672 majores
390 1620 609 1658 Uralenses
640 1629 683 1658 et
713 1617 935 1664 Sibiricae,
975 1619 1085 1658 unde
1115 1633 1335 1675 perperam
1375 1634 1397 1659 a
1433 1633 1502 1659 me
1543 1617 1684 1673 specie.
1727 1617 1788 1662 di*

115 1693 264 1733 stincta
296 1693 473 1733 varietas
501 1695 544 1738 β.
577 1708 598 1732 a
628 1692 820 1747 Zoologis
849 1692 893 1732 in
930 1704 1141 1748 posterum
1172 1695 1462 1748 expungenda.

251 1768 421 1808 Descr.
493 1769 643 1808 Variet.
684 1773 726 1816 β.
770 1768 1015 1821 Magnitudo
1058 1767 1249 1823 proxima
1291 1768 1339 1808 C.
1383 1771 1556 1808 Damae.
1625 1768 1789 1811 Pondus

114 1839 284 1881 circiter
313 1845 442 1881 LXX.
472 1842 684 1882 librarum.
743 1843 878 1882 Nasus
907 1856 1137 1892 convexus,
1168 1857 1263 1882 cum
1292 1841 1396 1883 labii
1416 1840 1641 1897 superioris
1668 1851 1787 1895 parte

115 1917 263 1956 nudus.
319 1917 448 1957 Nares
474 1917 660 1972 patulae,
694 1917 957 1966 sublimatae,
997 1916 1314 1971 ampliusculae,
1357 1915 1571 1957 exteriore
1602 1914 1787 1968 margine

116 1989 289 2045 pilosae.
346 1991 476 2030 Labia
504 1991 690 2044 margine
720 1992 853 2030 nuda:
892 1993 1054 2043 inferius
1083 1992 1133 2030 ad
1164 1992 1307 2030 dentes
1337 1991 1539 2045 primores
1568 1987 1788 2042 grandino-

115 2079 226 2112 sum,
259 2062 412 2103 deinde
442 2064 615 2104 interius
645 2067 879 2114 dentatum,
913 2064 1223 2105 dentationibus
1246 2065 1402 2104 alterne
1425 2063 1553 2106 fuscis
1577 2061 1785 2116 albisque3

115 2143 296 2193 superius
327 2137 507 2176 anterius
537 2153 820 2187 verrucosum,
864 2149 1082 2192 utrumque
1126 2152 1263 2176 versus
1292 2139 1441 2177 buccas
1470 2135 1639 2192 papillis
1668 2136 1786 2179 subu-

114 2214 211 2254 ‘latis
243 2211 406 2252 callosis
436 2212 630 2251 obsitum.
702 2214 851 2252 Dentes
891 2211 1092 2266 primores
1122 2211 1253 2251 medii
1283 2210 1378 2261 lati,
1421 2222 1651 2255 extrorsum
1680 2209 1784 2251 obli-

117 2287 209 2343 qui,
243 2286 470 2326 exteriores
501 2286 651 2326 sensim
682 2286 955 2341 angustiores,
986 2286 1175 2326 lineares.
1234 2285 1584 2326 caninusnullus.
1606 2310 1666 2316 -—
1691 2286 1783 2326 Pal-

115 2363 259 2417 pebrae
289 2361 421 2401 limbo
452 2363 583 2415 nudo,
615 2361 751 2417 nigro,
784 2361 969 2417 superior
998 2377 1020 2402 a
1049 2360 1189 2402 medio
1218 2361 1377 2418 postice
1408 2361 1569 2409 ciliata3
1608 2358 1782 2401 canthus
