2196 2927
411 199 465 240 82
1176 204 1320 231 ..ἕ-

401 320 466 346 ros
496 317 537 347 et
574 304 814 352 thoracem,
858 319 1070 361 areamque
1108 303 1181 346 vix
1218 305 1494 346 rufescentem
1531 306 1671 361 gulae,
1716 321 1810 347 cum
1851 307 2089 364 parotidum

403 381 542 421 colore
572 380 882 422 cohaerentem.
941 383 1072 422 Aures
1100 381 1390 431 brevissimae,
1433 381 1562 431 latae,
1606 383 1871 430 rotundatae,
1914 383 2086 438 pilosae,

402 456 556 496 vellere
587 458 674 497 fere
705 456 1013 497 delitescentes.
1071 458 1283 511 Mystaces
1312 468 1354 496 et
1382 455 1462 512 pili
1488 457 1780 512 supraciliares
1807 457 1931 512 nigri.
1999 460 2035 498 V
2035 462 2087 499 el-

399 534 464 572 lus
492 530 535 570 in
565 542 656 572 toto
685 546 857 587 corpore
888 533 1014 588 paulo
1043 532 1230 582 mollius,
1277 547 1402 587 quam
1431 535 1606 581 Lutrae,
1651 532 1847 587 lanugine
1876 547 2003 587 usque
2034 534 2085 574 ad

399 617 540 646 cutem
568 606 859 661 fusco-nigra.
932 608 1171 648 Altitudine
1202 608 1271 649 6'''.
1315 618 1356 646 at
1392 606 1471 662 pili
1501 606 1710 661 longiores
1741 610 1808 659 9‘f'.
1853 609 1998 648 cauda
2027 619 2085 648 te-

397 680 683 737 reti-pilosa,
723 682 812 737 pilo
842 682 1185 738 sesquipollicari.
1256 684 1406 723 Dentes
1447 682 1643 738 pedesque
1684 682 1729 722 in
1770 683 1881 738 pelle
1926 684 2083 724 absunt„

397 756 520 797 Pellis
548 757 669 806 dura,
709 772 863 806 crassa,
902 757 1185 807 tenacissima,
1230 768 1374 813 utpote
1405 757 1597 799 animalis
1628 756 1833 813 aquatici;
1876 773 1953 799 nec
1984 758 2083 799 ideo

397 832 449 871 ad
479 831 749 872 mustelinum
779 846 906 887 genus
936 831 1146 887 pertinere
1176 831 1352 873 videtur.

830 1073 920 1123 VI.
987 1071 1642 1124 MUSTELAE.

532 1256 669 1294 Genus
700 1255 975 1296 Mustelinum
1003 1256 1331 1296 Vermineurnve
1361 1256 1476 1311 Rajz'
1507 1255 1701 1310 (Synops.
1726 1254 1868 1311 quadr.
1899 1272 1939 1311 p.
1970 1257 2077 1309 ¹95·)

396 1326 500 1367 adeo
530 1328 716 1369 naturale
747 1341 808 1369 est
838 1342 878 1370 et
908 1341 998 1371 toto
1025 1329 1174 1370 habitu
1204 1329 1547 1378 determinatum,
1585 1341 1631 1368 ut
1666 1330 1780 1369 nulla
1816 1330 1925 1370 circa
1960 1330 2077 1371 illius

395 1400 552 1442 limites
581 1403 711 1458 possit
741 1419 828 1444 esse
859 1406 1079 1446 dubitatio.
1139 1407 1375 1445 Gracilitate
1403 1404 1610 1458 corporiS,
1643 1404 1848 1459 positura,
1892 1416 1935 1444 et
1963 1420 2075 1460 prae—

393 1476 537 1516 sertim
564 1482 703 1532 spinae
746 1480 924 1529 flexura,
967 1480 1175 1521 brevitate
1217 1490 1397 1528 artuum,
1442 1478 1625 1518 maxime
1666 1479 1796 1519 etiam
1838 1481 2077 1521 incisoribus

394 1549 603 1591 inferioris
634 1553 831 1593 maxillae
859 1554 1096 1594 evidentius
1141 1555 1300 1593 alterne
1343 1553 1619 1593 exterioribus
1648 1568 1790 1593 omnes
1821 1555 2076 1595 conveniunt

391 1636 433 1664 et
461 1639 514 1665 ex
552 1623 700 1666 habitu
736 1627 938 1667 facillime
976 1638 1291 1683 cognoscuntur.
1362 1627 1693 1667 Verosimillime
1735 1628 1895 1683 species
1938 1629 2075 1671 adhuc

391 1700 624 1755 complures
654 1700 775 1755 hujus
805 1703 1014 1744 numerosi
1044 1715 1085 1743 et
1114 1702 1251 1750 victu,
1278 1717 1362 1758 quo
1391 1701 1540 1751 utitur,
1572 1702 1616 1742 in
1649 1718 1854 1743 summum
1886 1704 2074 1745 animali-

391 1774 488 1814 tatis
516 1776 689 1828 gradum
714 1778 928 1832 putredini
957 1778 1195 1835 proximum
1223 1777 1361 1818 evecti
1390 1777 1552 1832 generis
1580 1776 1623 1816 in
1662 1777 1900 1832 regionibus
1942 1780 2070 1820 hodie

391 1864 475 1889 non
504 1850 706 1891 adeundis
734 1852 885 1903 latent,
922 1865 968 1894 ut
997 1865 1089 1894 sunt
1118 1853 1316 1894 interiora
1343 1853 1470 1893 Asiae
1499 1863 1541 1892 et
1569 1852 1758 1901 Africae,
1790 1853 2070 1895 occidentalia

390 1924 602 1980 utriusque
647 1926 911 1968 continentis
953 1929 1199 1979 Americae,
1244 1940 1286 1968 et
1326 1928 1528 1984 spatiosae
1570 1927 1729 1967 insulae
1773 1928 2068 1971 Australasiae.

390 2001 502 2039 Haec
545 2000 723 2042 seriores
766 2004 970 2059 Zoologos
1013 2005 1156 2046 messis
1192 2015 1346 2044 manet.
1403 2004 1677 2044 Mustelarum
1706 2003 1895 2043 omnium
1924 2004 2069 2053 vellus,

390 2074 518 2114 etiam
545 2087 637 2130 post
668 2090 843 2119 mortem
874 2080 1064 2121 animalis
1095 2096 1217 2136 quam
1257 2080 1440 2121 maxime
1483 2091 1545 2119 est
1586 2078 1831 2119 eleon-icum
1873 2090 1915 2119 et
1956 2080 2068 2121 sicco

390 2149 544 2203 digito,
588 2154 832 2206 praesertim
871 2155 1021 2211 frigida
1058 2171 1201 2197 serena
1230 2166 1477 2212 tempestate
1506 2154 1694 2203 frictum,
1740 2169 1822 2194 non
1852 2155 1986 2194 solum
2015 2156 2067 2195 ad

391 2225 670 2281 propinquum
700 2230 876 2282 quodvis
905 2246 1051 2287 corpus
1080 2232 1177 2288 pilis
1206 2232 1399 2274 omnibus
1442 2229 1633 2286 assurgit,
1672 2230 1744 2270 sed
1786 2228 1915 2270 etiam
1955 2229 2067 2271 Forti-

390 2306 453 2336 ter
482 2311 525 2339 et
553 2316 648 2342 cum
675 2302 850 2358 strepitu
878 2305 1092 2346 scintillat.
