<?xml version="1.0" encoding="UTF-8"?>
<!DOCTYPE html PUBLIC "-//W3C//DTD XHTML 1.0 Transitional//EN"
    "http://www.w3.org/TR/xhtml1/DTD/xhtml1-transitional.dtd">
<html xmlns="http://www.w3.org/1999/xhtml" xml:lang="en" lang="en">
 <head>
  <title>
</title>
<meta http-equiv="Content-Type" content="text/html;charset=utf-8" />
  <meta name='ocr-system' content='tesseract 3.04.00' />
  <meta name='ocr-capabilities' content='ocr_page ocr_carea ocr_par ocr_line ocrx_word'/>
</head>
<body>
  <div class='ocr_page' id='page_1' title='image "./zoographiarossoa11831pall_0464.png"; bbox 0 0 2196 2927; ppageno 0'>
   <div class='ocr_carea' id='block_1_1' title="bbox 1232 266 1375 274">
    <p class='ocr_par' dir='ltr' id='par_1_1' title="bbox 1232 266 1375 274">
     <span class='ocr_line' id='line_1_1' title="bbox 1232 266 1375 274; baseline -0.007 0"><span class='ocrx_word' id='word_1_1' title='bbox 1232 266 1375 274; x_wconf 53' lang='grc' dir='ltr'>μ*-</span> 
     </span>
    </p>
   </div>
   <div class='ocr_carea' id='block_1_2' title="bbox 467 255 554 296">
    <p class='ocr_par' dir='ltr' id='par_1_2' title="bbox 467 255 554 296">
     <span class='ocr_line' id='line_1_2' title="bbox 467 255 554 296; baseline -0.034 0"><span class='ocrx_word' id='word_1_2' title='bbox 467 255 554 296; x_wconf 81' lang='lat'>432</span> 
     </span>
    </p>
   </div>
   <div class='ocr_carea' id='block_1_3' title="bbox 457 347 2142 783">
    <p class='ocr_par' dir='ltr' id='par_1_3' title="bbox 457 347 2142 783">
     <span class='ocr_line' id='line_1_3' title="bbox 599 347 2141 408; baseline 0.002 -17"><span class='ocrx_word' id='word_1_3' title='bbox 599 355 647 392; x_wconf 86' lang='lat' dir='ltr'>In</span> <span class='ocrx_word' id='word_1_4' title='bbox 678 349 930 408; x_wconf 85' lang='lat' dir='ltr'>rupestribus</span> <span class='ocrx_word' id='word_1_5' title='bbox 961 349 1143 390; x_wconf 81' lang='lat' dir='ltr'><strong>maxime</strong></span> <span class='ocrx_word' id='word_1_6' title='bbox 1174 347 1418 390; x_wconf 82' lang='lat' dir='ltr'>australibus</span> <span class='ocrx_word' id='word_1_7' title='bbox 1448 348 1560 390; x_wconf 84' lang='lat' dir='ltr'>circa</span> <span class='ocrx_word' id='word_1_8' title='bbox 1590 348 1837 399; x_wconf 75' lang='lat' dir='ltr'>Caucasum,</span> <span class='ocrx_word' id='word_1_9' title='bbox 1884 362 1925 391; x_wconf 87' lang='lat' dir='ltr'>et</span> <span class='ocrx_word' id='word_1_10' title='bbox 1952 351 1996 392; x_wconf 89' lang='lat' dir='ltr'>in</span> <span class='ocrx_word' id='word_1_11' title='bbox 2025 354 2141 394; x_wconf 87' lang='lat' dir='ltr'>rude-</span> 
     </span>
     <span class='ocr_line' id='line_1_4' title="bbox 464 423 2141 482; baseline 0.001 -13"><span class='ocrx_word' id='word_1_12' title='bbox 464 428 560 469; x_wconf 85' lang='lat' dir='ltr'>ratis</span> <span class='ocrx_word' id='word_1_13' title='bbox 604 430 654 468; x_wconf 86' lang='lat' dir='ltr'>ad</span> <span class='ocrx_word' id='word_1_14' title='bbox 698 429 908 473; x_wconf 85' lang='lat' dir='ltr'>Derbent,</span> <span class='ocrx_word' id='word_1_15' title='bbox 949 425 1102 482; x_wconf 79' lang='lat' dir='ltr'>passim</span> <span class='ocrx_word' id='word_1_16' title='bbox 1131 424 1330 475; x_wconf 85' lang='lat' dir='ltr'>occurrit,</span> <span class='ocrx_word' id='word_1_17' title='bbox 1374 425 1566 480; x_wconf 88' lang='lat' dir='ltr'>interque</span> <span class='ocrx_word' id='word_1_18' title='bbox 1597 441 1692 465; x_wconf 87' lang='lat' dir='ltr'>aves</span> <span class='ocrx_word' id='word_1_19' title='bbox 1721 423 1766 464; x_wconf 86' lang='lat' dir='ltr'>in</span> <span class='ocrx_word' id='word_1_20' title='bbox 1796 425 1935 466; x_wconf 84' lang='lat' dir='ltr'>Persia</span> <span class='ocrx_word' id='word_1_21' title='bbox 1963 429 2088 469; x_wconf 87' lang='lat' dir='ltr'>lectas</span> <span class='ocrx_word' id='word_1_22' title='bbox 2120 446 2141 469; x_wconf 82' lang='lat' dir='ltr'>a</span> 
     </span>
     <span class='ocr_line' id='line_1_5' title="bbox 463 500 2142 560; baseline 0 -16"><span class='ocrx_word' id='word_1_23' title='bbox 463 507 688 545; x_wconf 84' lang='lat' dir='ltr'>Gmelino</span> <span class='ocrx_word' id='word_1_24' title='bbox 712 507 798 560; x_wconf 81' lang='lat' dir='ltr'>jun.</span> <span class='ocrx_word' id='word_1_25' title='bbox 830 504 881 542; x_wconf 83' lang='lat' dir='ltr'>ad</span> <span class='ocrx_word' id='word_1_26' title='bbox 910 502 1241 543; x_wconf 73' lang='lat' dir='ltr'><em>Academiam</em></span> <span class='ocrx_word' id='word_1_27' title='bbox 1270 501 1393 541; x_wconf 86' lang='lat' dir='ltr'>missa</span> <span class='ocrx_word' id='word_1_28' title='bbox 1422 500 1514 541; x_wconf 83' lang='lat' dir='ltr'>fuit.</span> <span class='ocrx_word' id='word_1_29' title='bbox 1573 500 1686 542; x_wconf 86' lang='lat' dir='ltr'>Mihi</span> <span class='ocrx_word' id='word_1_30' title='bbox 1717 500 1761 541; x_wconf 89' lang='lat' dir='ltr'>in</span> <span class='ocrx_word' id='word_1_31' title='bbox 1784 512 1872 541; x_wconf 81' lang='lat' dir='ltr'>toto</span> <span class='ocrx_word' id='word_1_32' title='bbox 1895 501 2044 543; x_wconf 71' lang='lat' dir='ltr'>itinere</span> <span class='ocrx_word' id='word_1_33' title='bbox 2068 520 2142 559; x_wconf 86' lang='lat' dir='ltr'>per</span> 
     </span>
     <span class='ocr_line' id='line_1_6' title="bbox 462 576 2141 636; baseline -0.001 -16"><span class='ocrx_word' id='word_1_34' title='bbox 462 580 656 636; x_wconf 85' lang='lat' dir='ltr'>alpestria</span> <span class='ocrx_word' id='word_1_35' title='bbox 687 577 864 618; x_wconf 75' lang='lat' dir='ltr'>Sibiriae</span> <span class='ocrx_word' id='word_1_36' title='bbox 894 593 1093 633; x_wconf 79' lang='lat' dir='ltr'>nusquam</span> <span class='ocrx_word' id='word_1_37' title='bbox 1124 578 1285 627; x_wconf 86' lang='lat' dir='ltr'>oblata,</span> <span class='ocrx_word' id='word_1_38' title='bbox 1323 578 1458 617; x_wconf 79' lang='lat' dir='ltr'>forsan</span> <span class='ocrx_word' id='word_1_39' title='bbox 1493 576 1588 633; x_wconf 88' lang='lat' dir='ltr'>quia</span> <span class='ocrx_word' id='word_1_40' title='bbox 1619 577 1865 618; x_wconf 59' lang='lat' dir='ltr'>calssdiorem</span> <span class='ocrx_word' id='word_1_41' title='bbox 1893 579 2141 633; x_wconf 72' lang='lat' dir='ltr'>temperiem</span> 
     </span>
     <span class='ocr_line' id='line_1_7' title="bbox 459 652 2140 701; baseline -0.001 -6"><span class='ocrx_word' id='word_1_42' title='bbox 459 667 582 696; x_wconf 82' lang='lat' dir='ltr'>amat.</span> <span class='ocrx_word' id='word_1_43' title='bbox 640 658 773 695; x_wconf 83' lang='lat' dir='ltr'>Datur</span> <span class='ocrx_word' id='word_1_44' title='bbox 802 669 901 694; x_wconf 88' lang='lat' dir='ltr'>vero</span> <span class='ocrx_word' id='word_1_45' title='bbox 931 653 975 693; x_wconf 88' lang='lat' dir='ltr'>in</span> <span class='ocrx_word' id='word_1_46' title='bbox 1005 653 1206 693; x_wconf 83' lang='lat' dir='ltr'>ruderatis</span> <span class='ocrx_word' id='word_1_47' title='bbox 1238 652 1489 694; x_wconf 79' lang='lat' dir='ltr'>Chersonesi</span> <span class='ocrx_word' id='word_1_48' title='bbox 1518 652 1720 701; x_wconf 76' lang='lat' dir='ltr'>tauricae,</span> <span class='ocrx_word' id='word_1_49' title='bbox 1759 655 1810 693; x_wconf 87' lang='lat' dir='ltr'>ad</span> <span class='ocrx_word' id='word_1_50' title='bbox 1842 655 1995 701; x_wconf 89' lang='lat' dir='ltr'>Sudac,</span> <span class='ocrx_word' id='word_1_51' title='bbox 2029 655 2140 693; x_wconf 61' lang='lat' dir='ltr'>kala—</span> 
     </span>
     <span class='ocr_line' id='line_1_8' title="bbox 457 728 2140 783; baseline -0.002 -12"><span class='ocrx_word' id='word_1_52' title='bbox 457 731 596 781; x_wconf 78' lang='lat' dir='ltr'>clava,</span> <span class='ocrx_word' id='word_1_53' title='bbox 628 742 733 771; x_wconf 86' lang='lat' dir='ltr'>caet.</span> <span class='ocrx_word' id='word_1_54' title='bbox 791 731 1013 770; x_wconf 69' lang='lat' dir='ltr'>Nidulacur</span> <span class='ocrx_word' id='word_1_55' title='bbox 1040 728 1084 768; x_wconf 85' lang='lat' dir='ltr'>in</span> <span class='ocrx_word' id='word_1_56' title='bbox 1113 728 1346 768; x_wconf 76' lang='lat' dir='ltr'>cavernulis</span> <span class='ocrx_word' id='word_1_57' title='bbox 1373 729 1538 783; x_wconf 87' lang='lat' dir='ltr'>rupium</span> <span class='ocrx_word' id='word_1_58' title='bbox 1563 740 1605 768; x_wconf 87' lang='lat' dir='ltr'>et</span> <span class='ocrx_word' id='word_1_59' title='bbox 1629 743 1839 769; x_wconf 81' lang='lat' dir='ltr'>murorum</span> <span class='ocrx_word' id='word_1_60' title='bbox 1865 729 2140 777; x_wconf 78' lang='lat' dir='ltr'>excelsorum,</span> 
     </span>
    </p>
   </div>
   <div class='ocr_carea' id='block_1_4' title="bbox 456 803 1757 862">
    <p class='ocr_par' dir='ltr' id='par_1_4' title="bbox 456 803 1757 862">
     <span class='ocr_line' id='line_1_9' title="bbox 456 803 1757 862; baseline -0.002 -16"><span class='ocrx_word' id='word_1_61' title='bbox 456 822 554 861; x_wconf 85' lang='lat' dir='ltr'>quas</span> <span class='ocrx_word' id='word_1_62' title='bbox 584 806 671 862; x_wconf 84' lang='lat' dir='ltr'>ipsa</span> <span class='ocrx_word' id='word_1_63' title='bbox 702 805 863 846; x_wconf 82' lang='lat' dir='ltr'>dilatat.</span> <span class='ocrx_word' id='word_1_64' title='bbox 924 805 1015 844; x_wconf 81' lang='grc' dir='ltr'>Ουα</span> <span class='ocrx_word' id='word_1_65' title='bbox 1047 805 1130 843; x_wconf 83' lang='lat' dir='ltr'>fere</span> <span class='ocrx_word' id='word_1_66' title='bbox 1161 803 1430 852; x_wconf 85' lang='lat' dir='ltr'>cinnabarea,</span> <span class='ocrx_word' id='word_1_67' title='bbox 1462 803 1757 859; x_wconf 83' lang='lat' dir='ltr'>pulcherrirna.</span> 
     </span>
    </p>
   </div>
   <div class='ocr_carea' id='block_1_5' title="bbox 442 915 2136 1646">
    <p class='ocr_par' dir='ltr' id='par_1_5' title="bbox 442 915 2136 1646">
     <span class='ocr_line' id='line_1_10' title="bbox 589 915 2136 972; baseline -0.001 -14"><span class='ocrx_word' id='word_1_68' title='bbox 589 919 759 958; x_wconf 81' lang='lat' dir='ltr'>Descr.</span> <span class='ocrx_word' id='word_1_69' title='bbox 830 917 1074 971; x_wconf 76' lang='lat' dir='ltr'>Magnitudo</span> <span class='ocrx_word' id='word_1_70' title='bbox 1115 917 1200 955; x_wconf 86' lang='lat' dir='ltr'>fere</span> <span class='ocrx_word' id='word_1_71' title='bbox 1243 915 1434 955; x_wconf 81' lang='lat' dir='ltr'>Alaudae</span> <span class='ocrx_word' id='word_1_72' title='bbox 1479 917 1688 956; x_wconf 83' lang='lat' dir='ltr'>arboreae.</span> <span class='ocrx_word' id='word_1_73' title='bbox 1767 917 1956 957; x_wconf 77' lang='lat' dir='ltr'>Rostrum</span> <span class='ocrx_word' id='word_1_74' title='bbox 1997 916 2136 972; x_wconf 84' lang='lat' dir='ltr'>capite</span> 
     </span>
     <span class='ocr_line' id='line_1_11' title="bbox 453 990 2134 1048; baseline -0.001 -14"><span class='ocrx_word' id='word_1_75' title='bbox 453 993 636 1047; x_wconf 83' lang='lat' dir='ltr'>longius,</span> <span class='ocrx_word' id='word_1_76' title='bbox 667 992 739 1032; x_wconf 84' lang='lat' dir='ltr'>vix</span> <span class='ocrx_word' id='word_1_77' title='bbox 769 1004 1001 1040; x_wconf 84' lang='lat' dir='ltr'>arcuatum,</span> <span class='ocrx_word' id='word_1_78' title='bbox 1033 992 1122 1032; x_wconf 86' lang='lat' dir='ltr'>basi</span> <span class='ocrx_word' id='word_1_79' title='bbox 1153 993 1404 1046; x_wconf 86' lang='lat' dir='ltr'>depressum.</span> <span class='ocrx_word' id='word_1_80' title='bbox 1477 993 1632 1048; x_wconf 75' lang='lat' dir='ltr'>Caput,</span> <span class='ocrx_word' id='word_1_81' title='bbox 1676 990 1840 1040; x_wconf 82' lang='lat' dir='ltr'>cervix,</span> <span class='ocrx_word' id='word_1_82' title='bbox 1878 993 2043 1032; x_wconf 85' lang='lat' dir='ltr'>dorsum</span> <span class='ocrx_word' id='word_1_83' title='bbox 2074 1008 2134 1032; x_wconf 90' lang='lat' dir='ltr'>us-</span> 
     </span>
     <span class='ocr_line' id='line_1_12' title="bbox 452 1066 2135 1122; baseline 0 -15"><span class='ocrx_word' id='word_1_84' title='bbox 452 1082 532 1122; x_wconf 91' lang='lat' dir='ltr'>que</span> <span class='ocrx_word' id='word_1_85' title='bbox 564 1069 614 1107; x_wconf 88' lang='lat' dir='ltr'>ad</span> <span class='ocrx_word' id='word_1_86' title='bbox 645 1068 819 1108; x_wconf 79' lang='lat' dir='ltr'>caudam</span> <span class='ocrx_word' id='word_1_87' title='bbox 849 1083 980 1108; x_wconf 87' lang='lat' dir='ltr'>cano·</span> <span class='ocrx_word' id='word_1_88' title='bbox 999 1066 1179 1108; x_wconf 86' lang='lat' dir='ltr'>cinerea.</span> <span class='ocrx_word' id='word_1_89' title='bbox 1240 1069 1401 1109; x_wconf 80' lang='lat' dir='ltr'>Collum</span> <span class='ocrx_word' id='word_1_90' title='bbox 1431 1069 1570 1108; x_wconf 81' lang='lat' dir='ltr'>subtus</span> <span class='ocrx_word' id='word_1_91' title='bbox 1602 1066 1800 1115; x_wconf 73' lang='lat' dir='ltr'>albidius,</span> <span class='ocrx_word' id='word_1_92' title='bbox 1842 1077 1974 1105; x_wconf 80' lang='lat' dir='ltr'>tractu</span> <span class='ocrx_word' id='word_1_93' title='bbox 2004 1067 2135 1121; x_wconf 84' lang='lat' dir='ltr'>longi-</span> 
     </span>
     <span class='ocr_line' id='line_1_13' title="bbox 451 1142 2133 1198; baseline 0 -16"><span class='ocrx_word' id='word_1_94' title='bbox 451 1142 629 1182; x_wconf 83' lang='lat' dir='ltr'>tudinali</span> <span class='ocrx_word' id='word_1_95' title='bbox 661 1159 682 1182; x_wconf 89' lang='lat' dir='ltr'>a</span> <span class='ocrx_word' id='word_1_96' title='bbox 712 1143 805 1197; x_wconf 84' lang='lat' dir='ltr'>gula</span> <span class='ocrx_word' id='word_1_97' title='bbox 837 1142 1006 1183; x_wconf 75' lang='lat' dir='ltr'>limrato</span> <span class='ocrx_word' id='word_1_98' title='bbox 1038 1143 1170 1198; x_wconf 76' lang='lat' dir='ltr'>nigro.</span> <span class='ocrx_word' id='word_1_99' title='bbox 1236 1145 1378 1184; x_wconf 74' lang='lat' dir='ltr'>Pectus</span> <span class='ocrx_word' id='word_1_100' title='bbox 1409 1160 1430 1183; x_wconf 86' lang='lat' dir='ltr'>a</span> <span class='ocrx_word' id='word_1_101' title='bbox 1460 1143 1601 1198; x_wconf 74' lang='lat' dir='ltr'>jugulo</span> <span class='ocrx_word' id='word_1_102' title='bbox 1631 1142 1824 1182; x_wconf 85' lang='lat' dir='ltr'>cinereo·</span> <span class='ocrx_word' id='word_1_103' title='bbox 1843 1142 2020 1190; x_wconf 86' lang='lat' dir='ltr'>fuscum,</span> <span class='ocrx_word' id='word_1_104' title='bbox 2066 1143 2133 1182; x_wconf 83' lang='lat' dir='ltr'>ab·</span> 
     </span>
     <span class='ocr_line' id='line_1_14' title="bbox 448 1216 2132 1271; baseline 0 -14"><span class='ocrx_word' id='word_1_105' title='bbox 448 1218 593 1258; x_wconf 81' lang='lat' dir='ltr'>domen</span> <span class='ocrx_word' id='word_1_106' title='bbox 623 1219 794 1258; x_wconf 84' lang='lat' dir='ltr'>fuscum.</span> <span class='ocrx_word' id='word_1_107' title='bbox 853 1222 958 1259; x_wconf 53' lang='lat' dir='ltr'>Alae</span> <span class='ocrx_word' id='word_1_108' title='bbox 989 1218 1077 1259; x_wconf 83' lang='lat' dir='ltr'>basi</span> <span class='ocrx_word' id='word_1_109' title='bbox 1107 1219 1425 1266; x_wconf 78' lang='lat' dir='ltr'>cinnabarinae,</span> <span class='ocrx_word' id='word_1_110' title='bbox 1456 1220 1596 1258; x_wconf 74' lang='lat' dir='ltr'>subtus</span> <span class='ocrx_word' id='word_1_111' title='bbox 1627 1216 1873 1265; x_wconf 79' lang='lat' dir='ltr'>obsoletius,</span> <span class='ocrx_word' id='word_1_112' title='bbox 1904 1217 1953 1255; x_wconf 84' lang='lat' dir='ltr'>ad</span> <span class='ocrx_word' id='word_1_113' title='bbox 1984 1232 2132 1271; x_wconf 83' lang='lat' dir='ltr'>corpus</span> 
     </span>
     <span class='ocr_line' id='line_1_15' title="bbox 448 1290 2130 1348; baseline 0.001 -17"><span class='ocrx_word' id='word_1_114' title='bbox 448 1293 570 1332; x_wconf 87' lang='lat' dir='ltr'>dorso</span> <span class='ocrx_word' id='word_1_115' title='bbox 602 1294 857 1333; x_wconf 86' lang='lat' dir='ltr'>concolores.</span> <span class='ocrx_word' id='word_1_116' title='bbox 934 1295 1132 1333; x_wconf 77' lang='lat' dir='ltr'>Tectrices</span> <span class='ocrx_word' id='word_1_117' title='bbox 1178 1294 1399 1348; x_wconf 82' lang='lat' dir='ltr'>primariae</span> <span class='ocrx_word' id='word_1_118' title='bbox 1443 1293 1648 1338; x_wconf 77' lang='lat' dir='ltr'>exterius,</span> <span class='ocrx_word' id='word_1_119' title='bbox 1691 1302 1732 1330; x_wconf 84' lang='lat' dir='ltr'>et</span> <span class='ocrx_word' id='word_1_120' title='bbox 1761 1290 1938 1345; x_wconf 80' lang='lat' dir='ltr'>remiges</span> <span class='ocrx_word' id='word_1_121' title='bbox 1968 1303 2130 1346; x_wconf 77' lang='lat' dir='ltr'>praeter</span> 
     </span>
     <span class='ocr_line' id='line_1_16' title="bbox 452 1365 2129 1413; baseline 0.001 -7"><span class='ocrx_word' id='word_1_122' title='bbox 452 1385 466 1406; x_wconf 83' lang='lat'>1</span> <span class='ocrx_word' id='word_1_123' title='bbox 501 1377 544 1407; x_wconf 87' lang='lat' dir='ltr'>et</span> <span class='ocrx_word' id='word_1_124' title='bbox 574 1384 611 1407; x_wconf 84' lang='lat'>2.</span> <span class='ocrx_word' id='word_1_125' title='bbox 643 1378 685 1407; x_wconf 89' lang='lat' dir='ltr'>et</span> <span class='ocrx_word' id='word_1_126' title='bbox 714 1367 883 1408; x_wconf 86' lang='lat' dir='ltr'>intimas</span> <span class='ocrx_word' id='word_1_127' title='bbox 914 1367 1174 1408; x_wconf 71' lang='lat' dir='ltr'>secundm-ias</span> <span class='ocrx_word' id='word_1_128' title='bbox 1206 1385 1227 1407; x_wconf 83' lang='lat' dir='ltr'>a</span> <span class='ocrx_word' id='word_1_129' title='bbox 1257 1367 1345 1408; x_wconf 87' lang='lat' dir='ltr'>basi</span> <span class='ocrx_word' id='word_1_130' title='bbox 1376 1369 1427 1408; x_wconf 86' lang='lat' dir='ltr'>ad</span> <span class='ocrx_word' id='word_1_131' title='bbox 1457 1368 1644 1407; x_wconf 85' lang='lat' dir='ltr'>medium</span> <span class='ocrx_word' id='word_1_132' title='bbox 1673 1365 1989 1413; x_wconf 82' lang='lat' dir='ltr'>cinnabarinae3</span> <span class='ocrx_word' id='word_1_133' title='bbox 2040 1382 2129 1407; x_wconf 87' lang='lat' dir='ltr'>cae—</span> 
     </span>
     <span class='ocr_line' id='line_1_17' title="bbox 445 1440 2130 1498; baseline 0 -16"><span class='ocrx_word' id='word_1_134' title='bbox 445 1453 580 1483; x_wconf 77' lang='lat' dir='ltr'>terum</span> <span class='ocrx_word' id='word_1_135' title='bbox 618 1441 890 1497; x_wconf 79' lang='lat' dir='ltr'>nigricantes‚</span> <span class='ocrx_word' id='word_1_136' title='bbox 930 1442 1064 1498; x_wconf 87' lang='lat' dir='ltr'>prima</span> <span class='ocrx_word' id='word_1_137' title='bbox 1106 1443 1352 1482; x_wconf 84' lang='lat' dir='ltr'>brevissima</span> <span class='ocrx_word' id='word_1_138' title='bbox 1397 1442 1685 1490; x_wconf 58' lang='lat' dir='ltr'>immaculata,</span> <span class='ocrx_word' id='word_1_139' title='bbox 1736 1458 1783 1488; x_wconf 82' lang='lat'>2,</span> <span class='ocrx_word' id='word_1_140' title='bbox 1814 1448 1858 1486; x_wconf 80' lang='lat'>3,</span> <span class='ocrx_word' id='word_1_141' title='bbox 1901 1450 1926 1491; x_wconf 76' lang='grc'>4</span> <span class='ocrx_word' id='word_1_142' title='bbox 1956 1440 2130 1483; x_wconf 84' lang='lat' dir='ltr'>interius</span> 
     </span>
     <span class='ocr_line' id='line_1_18' title="bbox 445 1516 2129 1571; baseline -0.001 -13"><span class='ocrx_word' id='word_1_143' title='bbox 445 1518 619 1558; x_wconf 86' lang='lat' dir='ltr'>maculis</span> <span class='ocrx_word' id='word_1_144' title='bbox 649 1519 805 1558; x_wconf 87' lang='lat' dir='ltr'>duabus</span> <span class='ocrx_word' id='word_1_145' title='bbox 835 1518 1078 1558; x_wconf 79' lang='lat' dir='ltr'>orbiculatis</span> <span class='ocrx_word' id='word_1_146' title='bbox 1117 1518 1240 1567; x_wconf 73' lang='lat' dir='ltr'>albis,</span> <span class='ocrx_word' id='word_1_147' title='bbox 1286 1525 1308 1559; x_wconf 79' lang='lat'><strong>3</strong></span> <span class='ocrx_word' id='word_1_148' title='bbox 1340 1528 1382 1557; x_wconf 84' lang='lat' dir='ltr'>et</span> <span class='ocrx_word' id='word_1_149' title='bbox 1410 1526 1448 1567; x_wconf 74' lang='grc'>4.</span> <span class='ocrx_word' id='word_1_150' title='bbox 1480 1516 1768 1571; x_wconf 75' lang='lat' dir='ltr'>longissimae;</span> <span class='ocrx_word' id='word_1_151' title='bbox 1815 1524 1835 1557; x_wconf 88' lang='lat'><em>5</em></span> <span class='ocrx_word' id='word_1_152' title='bbox 1868 1530 1910 1556; x_wconf 84' lang='lat' dir='ltr'>et</span> <span class='ocrx_word' id='word_1_153' title='bbox 1941 1524 1963 1557; x_wconf 82' lang='lat'>6</span> <span class='ocrx_word' id='word_1_154' title='bbox 1994 1532 2129 1558; x_wconf 87' lang='lat' dir='ltr'>macu-</span> 
     </span>
     <span class='ocr_line' id='line_1_19' title="bbox 442 1591 2126 1646; baseline -0.001 -12"><span class='ocrx_word' id='word_1_155' title='bbox 442 1594 482 1634; x_wconf 84' lang='lat' dir='ltr'>la</span> <span class='ocrx_word' id='word_1_156' title='bbox 515 1592 637 1634; x_wconf 83' lang='lat' dir='ltr'>unica</span> <span class='ocrx_word' id='word_1_157' title='bbox 667 1608 804 1634; x_wconf 87' lang='lat' dir='ltr'>versus</span> <span class='ocrx_word' id='word_1_158' title='bbox 835 1594 972 1643; x_wconf 86' lang='lat' dir='ltr'>basin,</span> <span class='ocrx_word' id='word_1_159' title='bbox 1018 1605 1159 1634; x_wconf 79' lang='lat' dir='ltr'>sextae</span> <span class='ocrx_word' id='word_1_160' title='bbox 1202 1593 1402 1633; x_wconf 75' lang='lat' dir='ltr'>obsoleta.</span> <span class='ocrx_word' id='word_1_161' title='bbox 1474 1594 1674 1633; x_wconf 79' lang='lat' dir='ltr'>Rectrices</span> <span class='ocrx_word' id='word_1_162' title='bbox 1704 1591 1918 1646; x_wconf 83' lang='lat' dir='ltr'>aequales,</span> <span class='ocrx_word' id='word_1_163' title='bbox 1964 1593 2126 1640; x_wconf 88' lang='lat' dir='ltr'>molles,</span> 
     </span>
    </p>
   </div>
   <div class='ocr_carea' id='block_1_6' title="bbox 443 1667 2123 1724">
    <p class='ocr_par' dir='ltr' id='par_1_6' title="bbox 443 1667 2123 1724">
     <span class='ocr_line' id='line_1_20' title="bbox 443 1667 2123 1724; baseline -0.001 -15"><span class='ocrx_word' id='word_1_164' title='bbox 443 1668 606 1724; x_wconf 81' lang='lat' dir='ltr'>nigrae,</span> <span class='ocrx_word' id='word_1_165' title='bbox 646 1669 803 1710; x_wconf 84' lang='lat' dir='ltr'>extima</span> <span class='ocrx_word' id='word_1_166' title='bbox 832 1681 941 1719; x_wconf 80' lang='lat' dir='ltr'>toto,</span> <span class='ocrx_word' id='word_1_167' title='bbox 981 1668 1172 1724; x_wconf 79' lang='lat' dir='ltr'>proxima</span> <span class='ocrx_word' id='word_1_168' title='bbox 1202 1683 1364 1708; x_wconf 83' lang='lat' dir='ltr'>summo</span> <span class='ocrx_word' id='word_1_169' title='bbox 1395 1667 1514 1724; x_wconf 84' lang='lat' dir='ltr'>apice</span> <span class='ocrx_word' id='word_1_170' title='bbox 1545 1668 1651 1708; x_wconf 86' lang='lat' dir='ltr'>alba.</span> <span class='ocrx_word' id='word_1_171' title='bbox 1724 1668 1849 1708; x_wconf 73' lang='lat' dir='ltr'>Pedes</span> <span class='ocrx_word' id='word_1_172' title='bbox 1879 1677 1941 1708; x_wconf 81' lang='lat' dir='ltr'>sat</span> <span class='ocrx_word' id='word_1_173' title='bbox 1970 1667 2123 1722; x_wconf 81' lang='lat' dir='ltr'>magni,</span> 
     </span>
    </p>
   </div>
   <div class='ocr_carea' id='block_1_7' title="bbox 442 1743 1333 1800">
    <p class='ocr_par' dir='ltr' id='par_1_7' title="bbox 442 1743 1333 1800">
     <span class='ocr_line' id='line_1_21' title="bbox 442 1743 1333 1800; baseline 0 -16"><span class='ocrx_word' id='word_1_174' title='bbox 442 1743 571 1800; x_wconf 84' lang='lat' dir='ltr'>nigri,</span> <span class='ocrx_word' id='word_1_175' title='bbox 602 1761 733 1799; x_wconf 78' lang='lat' dir='ltr'>ungue</span> <span class='ocrx_word' id='word_1_176' title='bbox 761 1745 924 1800; x_wconf 87' lang='lat' dir='ltr'>postico</span> <span class='ocrx_word' id='word_1_177' title='bbox 954 1743 1138 1783; x_wconf 84' lang='lat' dir='ltr'>maximo</span> <span class='ocrx_word' id='word_1_178' title='bbox 1167 1744 1333 1784; x_wconf 83' lang='lat' dir='ltr'>falcato.</span> 
     </span>
    </p>
   </div>
   <div class='ocr_carea' id='block_1_8' title="bbox 441 1847 2119 2363">
    <p class='ocr_par' dir='ltr' id='par_1_8' title="bbox 441 1847 2119 2363">
     <span class='ocr_line' id='line_1_22' title="bbox 753 1847 1811 1899; baseline -0.001 -9"><span class='ocrx_word' id='word_1_179' title='bbox 753 1860 834 1899; x_wconf 82' lang='lat'>77.</span> <span class='ocrx_word' id='word_1_180' title='bbox 878 1847 963 1891; x_wconf 24' lang='lat' dir='ltr'>*C</span> <span class='ocrx_word' id='word_1_181' title='bbox 993 1850 1031 1890; x_wconf 88' lang='grc' dir='ltr'>Ε</span> <span class='ocrx_word' id='word_1_182' title='bbox 1060 1849 1097 1890; x_wconf 84' lang='lat' dir='ltr'>R</span> <span class='ocrx_word' id='word_1_183' title='bbox 1127 1848 1171 1890; x_wconf 92' lang='lat' dir='ltr'>T</span> <span class='ocrx_word' id='word_1_184' title='bbox 1200 1848 1244 1890; x_wconf 94' lang='lat' dir='ltr'>H</span> <span class='ocrx_word' id='word_1_185' title='bbox 1274 1849 1291 1889; x_wconf 93' lang='lat' dir='ltr'>I</span> <span class='ocrx_word' id='word_1_186' title='bbox 1321 1848 1362 1890; x_wconf 90' lang='lat' dir='ltr'><strong>A</strong></span> <span class='ocrx_word' id='word_1_187' title='bbox 1433 1847 1811 1890; x_wconf 78' lang='lat' dir='ltr'>Scanclulaca.</span> 
     </span>
     <span class='ocr_line' id='line_1_23' title="bbox 578 1927 2119 1984; baseline 0 -13"><span class='ocrx_word' id='word_1_188' title='bbox 578 1931 625 1971; x_wconf 89' lang='lat' dir='ltr'>C.</span> <span class='ocrx_word' id='word_1_189' title='bbox 656 1944 801 1984; x_wconf 82' lang='lat' dir='ltr'>grysea</span> <span class='ocrx_word' id='word_1_190' title='bbox 829 1930 1027 1984; x_wconf 86' lang='lat' dir='ltr'>fuscoque</span> <span class='ocrx_word' id='word_1_191' title='bbox 1057 1928 1246 1979; x_wconf 86' lang='lat' dir='ltr'>liturata,</span> <span class='ocrx_word' id='word_1_192' title='bbox 1290 1929 1429 1969; x_wconf 87' lang='lat' dir='ltr'>subtus</span> <span class='ocrx_word' id='word_1_193' title='bbox 1473 1927 1632 1978; x_wconf 83' lang='lat' dir='ltr'>albida,</span> <span class='ocrx_word' id='word_1_194' title='bbox 1677 1927 1921 1968; x_wconf 78' lang='lat' dir='ltr'>rectricibus</span> <span class='ocrx_word' id='word_1_195' title='bbox 1963 1932 2119 1971; x_wconf 82' lang='lat' dir='ltr'>caudae</span> 
     </span>
     <span class='ocr_line' id='line_1_24' title="bbox 441 2003 1125 2060; baseline -0.006 -13"><span class='ocrx_word' id='word_1_196' title='bbox 441 2017 638 2047; x_wconf 86' lang='lat' dir='ltr'>cuneatae</span> <span class='ocrx_word' id='word_1_197' title='bbox 669 2004 834 2060; x_wconf 69' lang='lat' dir='ltr'>rigidis,</span> <span class='ocrx_word' id='word_1_198' title='bbox 864 2003 1125 2059; x_wconf 85' lang='lat' dir='ltr'>praemorsis.</span> 
     </span>
     <span class='ocr_line' id='line_1_25' title="bbox 657 2079 2114 2136; baseline -0.001 -13"><span class='ocrx_word' id='word_1_199' title='bbox 657 2080 830 2124; x_wconf 82' lang='lat' dir='ltr'>Certhia</span> <span class='ocrx_word' id='word_1_200' title='bbox 860 2090 1091 2125; x_wconf 88' lang='lat' dir='ltr'>auctorum,</span> <span class='ocrx_word' id='word_1_201' title='bbox 1136 2079 1354 2134; x_wconf 75' lang='lat' dir='ltr'>Willughb.</span> <span class='ocrx_word' id='word_1_202' title='bbox 1386 2095 1470 2120; x_wconf 85' lang='lat' dir='ltr'>orn.</span> <span class='ocrx_word' id='word_1_203' title='bbox 1502 2096 1541 2135; x_wconf 85' lang='lat' dir='ltr'>p.</span> <span class='ocrx_word' id='word_1_204' title='bbox 1578 2095 1664 2119; x_wconf 84' lang='lat'>100.</span> <span class='ocrx_word' id='word_1_205' title='bbox 1695 2079 1778 2120; x_wconf 84' lang='lat' dir='ltr'>tab.</span> <span class='ocrx_word' id='word_1_206' title='bbox 1811 2086 1875 2120; x_wconf 81' lang='lat'>23.</span> <span class='ocrx_word' id='word_1_207' title='bbox 1903 2080 1994 2136; x_wconf 77' lang='lat' dir='ltr'>Raj.</span> <span class='ocrx_word' id='word_1_208' title='bbox 2024 2095 2114 2134; x_wconf 80' lang='lat' dir='ltr'>syn.</span> 
     </span>
     <span class='ocr_line' id='line_1_26' title="bbox 706 2155 2114 2212; baseline -0.002 -15"><span class='ocrx_word' id='word_1_209' title='bbox 706 2173 770 2197; x_wconf 85' lang='lat' dir='ltr'>av.</span> <span class='ocrx_word' id='word_1_210' title='bbox 816 2173 854 2212; x_wconf 84' lang='lat' dir='ltr'>p.</span> <span class='ocrx_word' id='word_1_211' title='bbox 886 2164 952 2208; x_wconf 70' lang='lat'>47.</span> <span class='ocrx_word' id='word_1_212' title='bbox 995 2172 1033 2194; x_wconf 90' lang='lat' dir='ltr'>n.</span> <span class='ocrx_word' id='word_1_213' title='bbox 1066 2162 1102 2197; x_wconf 88' lang='lat'>5.</span> <span class='ocrx_word' id='word_1_214' title='bbox 1144 2156 1282 2196; x_wconf 83' lang='lat' dir='ltr'>Albin.</span> <span class='ocrx_word' id='word_1_215' title='bbox 1312 2171 1375 2195; x_wconf 85' lang='lat' dir='ltr'>av.</span> <span class='ocrx_word' id='word_1_216' title='bbox 1410 2157 1485 2195; x_wconf 92' lang='lat' dir='ltr'>III.</span> <span class='ocrx_word' id='word_1_217' title='bbox 1527 2155 1611 2195; x_wconf 81' lang='lat' dir='ltr'>tab.</span> <span class='ocrx_word' id='word_1_218' title='bbox 1644 2163 1704 2197; x_wconf 82' lang='lat'>25.</span> <span class='ocrx_word' id='word_1_219' title='bbox 1748 2156 1898 2195; x_wconf 78' lang='lat' dir='ltr'>Frisch.</span> <span class='ocrx_word' id='word_1_220' title='bbox 1938 2171 2001 2196; x_wconf 87' lang='lat' dir='ltr'>av.</span> <span class='ocrx_word' id='word_1_221' title='bbox 2032 2156 2114 2196; x_wconf 78' lang='lat' dir='ltr'>tab.</span> 
     </span>
     <span class='ocr_line' id='line_1_27' title="bbox 706 2232 1725 2286; baseline -0.003 -13"><span class='ocrx_word' id='word_1_222' title='bbox 706 2240 771 2284; x_wconf 84' lang='lat'>39.</span> <span class='ocrx_word' id='word_1_223' title='bbox 792 2233 875 2286; x_wconf 76' lang='lat' dir='ltr'>fig.</span> <span class='ocrx_word' id='word_1_224' title='bbox 915 2249 944 2272; x_wconf 83' lang='lat'>=.</span> <span class='ocrx_word' id='word_1_225' title='bbox 973 2232 1151 2272; x_wconf 80' lang='lat' dir='ltr'>Brisson.</span> <span class='ocrx_word' id='word_1_226' title='bbox 1183 2247 1266 2272; x_wconf 87' lang='lat' dir='ltr'>orn.</span> <span class='ocrx_word' id='word_1_227' title='bbox 1297 2232 1371 2270; x_wconf 90' lang='grc' dir='ltr'><em>ΙΙΙ.</em></span> <span class='ocrx_word' id='word_1_228' title='bbox 1403 2247 1439 2286; x_wconf 85' lang='lat' dir='ltr'>p.</span> <span class='ocrx_word' id='word_1_229' title='bbox 1473 2237 1564 2271; x_wconf 80' lang='lat'>603.</span> <span class='ocrx_word' id='word_1_230' title='bbox 1595 2246 1656 2285; x_wconf 79' lang='lat' dir='ltr'>sp.</span> <span class='ocrx_word' id='word_1_231' title='bbox 1694 2248 1725 2271; x_wconf 89' lang='lat'>1.</span> 
     </span>
     <span class='ocr_line' id='line_1_28' title="bbox 651 2305 2111 2363; baseline -0.003 -15"><span class='ocrx_word' id='word_1_232' title='bbox 651 2307 744 2348; x_wconf 88' lang='lat' dir='ltr'>The</span> <span class='ocrx_word' id='word_1_233' title='bbox 778 2308 985 2363; x_wconf 85' lang='lat' dir='ltr'>Creeper,</span> <span class='ocrx_word' id='word_1_234' title='bbox 1015 2307 1132 2349; x_wconf 88' lang='lat' dir='ltr'>Zool.</span> <span class='ocrx_word' id='word_1_235' title='bbox 1165 2307 1310 2348; x_wconf 80' lang='lat' dir='ltr'>britan.</span> <span class='ocrx_word' id='word_1_236' title='bbox 1349 2323 1388 2362; x_wconf 83' lang='lat' dir='ltr'>p.</span> <span class='ocrx_word' id='word_1_237' title='bbox 1421 2312 1485 2347; x_wconf 77' lang='lat'>82.</span> <span class='ocrx_word' id='word_1_238' title='bbox 1523 2305 1606 2346; x_wconf 81' lang='lat' dir='ltr'>tab.</span> <span class='ocrx_word' id='word_1_239' title='bbox 1636 2307 1686 2346; x_wconf 88' lang='lat' dir='ltr'>K.</span> <span class='ocrx_word' id='word_1_240' title='bbox 1718 2308 1905 2347; x_wconf 76' lang='lat' dir='ltr'>Latham.</span> <span class='ocrx_word' id='word_1_241' title='bbox 1936 2319 2025 2360; x_wconf 76' lang='lat' dir='ltr'>syn.</span> <span class='ocrx_word' id='word_1_242' title='bbox 2058 2305 2111 2344; x_wconf 90' lang='lat' dir='ltr'>II.</span> 
     </span>
    </p>
   </div>
   <div class='ocr_carea' id='block_1_9' title="bbox 657 2399 1774 2513">
    <p class='ocr_par' dir='ltr' id='par_1_9' title="bbox 657 2399 1774 2513">
     <span class='ocr_line' id='line_1_29' title="bbox 706 2399 1062 2438; baseline 0 -15"><span class='ocrx_word' id='word_1_243' title='bbox 706 2399 802 2438; x_wconf 78' lang='lat' dir='ltr'>pag.</span> <span class='ocrx_word' id='word_1_244' title='bbox 831 2399 923 2435; x_wconf 88' lang='lat'>701.</span> <span class='ocrx_word' id='word_1_245' title='bbox 954 2399 991 2422; x_wconf 87' lang='grc' dir='ltr'>η.</span> <span class='ocrx_word' id='word_1_246' title='bbox 1030 2400 1062 2423; x_wconf 87' lang='lat'>1.</span> 
     </span>
     <span class='ocr_line' id='line_1_30' title="bbox 657 2457 1774 2513; baseline -0.004 -14"><span class='ocrx_word' id='word_1_247' title='bbox 657 2457 830 2499; x_wconf 72' lang='lat' dir='ltr'>Certhia</span> <span class='ocrx_word' id='word_1_248' title='bbox 859 2457 1094 2507; x_wconf 85' lang='lat' dir='ltr'>familiaris,</span> <span class='ocrx_word' id='word_1_249' title='bbox 1126 2459 1215 2498; x_wconf 83' lang='lat' dir='ltr'>Lin.</span> <span class='ocrx_word' id='word_1_250' title='bbox 1245 2467 1348 2513; x_wconf 73' lang='lat' dir='ltr'>syst.</span> <span class='ocrx_word' id='word_1_251' title='bbox 1378 2458 1410 2497; x_wconf 91' lang='lat' dir='ltr'>I.</span> <span class='ocrx_word' id='word_1_252' title='bbox 1443 2473 1482 2511; x_wconf 82' lang='lat' dir='ltr'>p.</span> <span class='ocrx_word' id='word_1_253' title='bbox 1520 2463 1605 2507; x_wconf 75' lang='lat'>184.</span> <span class='ocrx_word' id='word_1_254' title='bbox 1646 2472 1706 2510; x_wconf 78' lang='lat' dir='ltr'>sp.</span> <span class='ocrx_word' id='word_1_255' title='bbox 1743 2474 1774 2496; x_wconf 87' lang='lat'>1.</span> 
     </span>
    </p>
   </div>
  </div>
 </body>
</html>
