2196 2927
881 203 1026 217 ...-
1706 203 1786 243 ,35

260 305 586 347 Minutissimum
615 303 801 346 omnium
829 301 1160 358 quadrupedum,
1191 301 1234 341 in
1263 301 1413 344 Sibiria
1443 301 1552 343 circa
1580 302 1718 343 Obum
1746 313 1786 342 et

123 380 329 423 Jeniseam
360 381 503 421 fluvios
532 382 741 436 frequens,
772 376 941 417 ulterius
973 377 1024 415 ad.
1053 375 1257 416 orientem
1280 376 1386 416 mihi
1407 393 1489 417 non
1513 379 1788 418 observatum.

124 458 308 510 Vagatur
337 455 463 496 etiam
492 455 664 508 hyeme,
707 464 751 492 ut
793 465 1043 506 congeneres
1084 465 1247 499 omnes,
1292 462 1335 489 et
1375 462 1473 491 tunc
1515 452 1624 492 circa
1670 467 1794 507 pagos

122 530 366 586 praesertim
395 540 582 585 apparet,
614 527 847 584 promiscue
877 541 972 566 cum
1001 527 1042 566 S.
1073 540 1234 566 araneo.

259 634 329 672 De
342 647 431 672 scr.
490 633 637 671 Forma
666 632 717 671 ad
746 630 874 671 Soric.
904 644 1098 670 araneum
1131 627 1306 669 accedit.
1363 629 1484 668 Color
1515 628 1644 682 magis
1667 630 1795 670 fusco-

124 709 350 751 rufescens,
389 707 528 746 subtus
571 706 738 746 cinereo
780 708 934 753 fuscus;
977 704 1022 744 in
1051 704 1298 759 quibusdam
1329 701 1645 757 speciminibus,
1689 704 1792 744 forte

122 781 369 835 junioribus,
412 782 497 820 fere
540 794 728 834 gryseus,
769 796 914 836 parum
952 781 1196 820 fuscescens.
1269 780 1458 818 Rostrum
1501 777 1795 818 acutissimum.

120 859 340 897 Auriculae
368 855 658 905 brevissimae,
691 856 845 896 vellere
874 857 959 895 fere
988 855 1176 894 latentes.
1251 854 1371 894 Oculi
1413 853 1576 893 minuti.
1655 853 1800 892 Cauda

122 930 234 980 basi,
278 929 351 970 ubi
380 930 534 969 vellere
565 930 760 985 emergit,
805 929 921 985 quasi
959 931 1028 969 filo
1058 927 1300 977 constricta,
1343 928 1501 975 tenuis,
1544 927 1698 969 dehinc
1730 928 1795 967 ad-

125 1007 295 1046 modum
324 1019 481 1051 crassa,
509 1004 780 1054 setosissima,
810 1004 869 1044 ita
896 1015 1057 1051 tamen,
1094 1015 1141 1043 ut
1169 1014 1393 1058 appareant
1423 1002 1579 1043 annuli.

258 1108 301 1147 N
309 1118 404 1147 ota.
464 1109 612 1154 Sorex,
642 1122 766 1162 quem
794 1119 982 1148 recenset
1010 1108 1121 1148 inter
1150 1105 1346 1147 animalia
1375 1105 1420 1146 in
1449 1106 1567 1146 terris
1597 1105 1707 1145 circa
1738 1104 1796 1144 Si-

127 1198 223 1222 num
250 1181 456 1221 Hudsonis
482 1181 680 1228 collecta,
710 1184 913 1223 Forster
942 1187 1040 1235 (act.
1057 1186 1167 1235 angl.
1184 1183 1275 1222 Vol.
1291 1183 1418 1221 LXII.
1450 1198 1489 1235 p.
1507 1184 1617 1232 381.)
1644 1179 1798 1233 magni-

127 1256 270 1296 tudine
300 1254 398 1295 huic
428 1257 467 1295 S.
497 1268 678 1309 pygmeo
708 1257 932 1296 convenire
962 1257 1140 1296 videtur.

259 1342 420 1381 Pondus
448 1355 652 1380 summum
681 1340 726 1380 in
756 1340 977 1394 majoribus
1015 1351 1068 1391 44
1097 1356 1336 1396 granorum,
1378 1338 1422 1380 in
1453 1339 1545 1379 aliis
1577 1346 1626 1380 35
1657 1353 1798 1393 grano-

124 1431 227 1465 rum,
259 1415 303 1455 in
319 1414 629 1456 Camtschatico
649 1415 889 1470 bipollicari
913 1424 961 1458 33
979 1431 1210 1472 granorum.
1266 1416 1495 1471 Longitudo
1526 1415 1589 1468 (in
1615 1414 1799 1454 maximo

126 1506 250 1544 quem
278 1489 426 1542 habui)
473 1491 522 1529 ab
560 1489 678 1544 apice
707 1489 828 1530 rostri
857 1491 909 1530 ad
939 1503 1075 1532 ortum
1103 1493 1257 1532 caudae
1293 1495 1346 1530 1'‘.
1383 1493 1473 1531 rom.
1511 1492 1665 1530 caudae
1708 1489 1797 1529 sine

126 1564 215 1620 pilo
252 1569 303 1604 1²².
336 1565 404 1604 3'‘'.
433 1563 512 1618 pili
544 1568 628 1608 23¹⁸.
660 1564 809 1618 capitis
841 1582 862 1605 a
891 1566 1029 1607 nucha
1058 1569 1109 1607 ad
1139 1567 1302 1622 apicem
1330 1565 1451 1605 rostri
1481 1567 1549 1616 9⁰².
1581 1564 1700 1604 rostri
1738 1579 1799 1603 us-

125 1654 206 1693 que
237 1640 288 1678 ad
316 1640 480 1679 oculum
510 1641 580 1684 2÷‘'‘
618 1649 806 1692 apertura
847 1642 959 1682 oculi
1001 1641 1073 1681 vix
1115 1645 1175 1684 Ψ.
1219 1639 1414 1680 distantia
1456 1639 1669 1679 oculorum
1716 1639 1798 1681 ΙΨ.

126 1713 464 1754 circumferentia
491 1712 572 1753 oris
604 1713 670 1751 2⁰².
701 1715 907 1755 auriculae
938 1715 1116 1755 altitudo
1153 1720 1232 1764 ιζ’.
1262 1714 1439 1754 latitudo
1470 1714 1553 1759 ΩΨ.
1584 1712 1797 1752 circumfe-

125 1789 260 1828 rentia
290 1789 443 1828 caudae
473 1789 525 1827 ad
568 1788 701 1843 ipsam
743 1789 860 1829 basin
889 1789 995 1830 infra
1027 1794 1094 1829 2'‘'.
1124 1800 1239 1844 parte
1268 1788 1489 1829 incrassata
1519 1791 1603 1832 Sim.
1647 1786 1797 1840 Longi-

125 1865 225 1904 tudo
254 1865 483 1919 palmarum
511 1878 605 1903 cum
635 1878 770 1919 ungue
801 1866 885 1911 2}'‘'.
915 1865 1148 1919 plantarum
1177 1865 1248 1906 5‘'‘.
1278 1859 1613 1903 circumferentia
1650 1861 1798 1916 capitis

127 1939 180 1977 ad
208 1953 320 1978 aures
358 1944 447 1979 low.
476 1939 597 1979 rostri
626 1942 678 1980 ad
707 1938 826 1980 basin
857 1943 925 1980 5²²².
966 1939 1067 1979 colli
1110 1942 1179 1990 9⁸².
1209 1937 1391 1979 thoracis
1428 1938 1533 1980 10}‘'‘.
1575 1935 1660 1976 alvi
1705 1941 1796 1974 11'f'.

128 2013 362 2067 Longitudo
391 2014 624 2054 intestinis
653 2015 754 2069 poll.
787 2016 867 2055 Cor
895 2029 1193 2069 compressum,
1225 2013 1341 2069 apice
1376 2011 1678 2060 acutissimum,
1710 2011 1797 2050 lon-

130 2087 318 2142 gitudine
349 2090 417 2128 3“‘.
473 2090 599 2129 Renes
629 2090 738 2128 mole
769 2090 885 2142 grani
922 2087 1157 2128 cannabini.

263 2164 408 2203 Nota.
485 2165 610 2202 Sorex
654 2168 827 2203 minutus
866 2166 1148 2202 Laaemanni
1176 2161 1321 2211 (Sibir.
1351 2162 1483 2213 Briefe
1512 2177 1551 2216 p.
1582 2164 1674 2213 72.)
1713 2175 1796 2201 non

130 2251 192 2280 est
220 2238 377 2293 species
407 2236 615 2276 distincta.
673 2236 775 2275 Vidi
804 2237 1034 2290 specimen,
1063 2237 1175 2291 quod
1202 2238 1463 2276 Laxmannus
1490 2235 1659 2275 unicum
1688 2249 1711 2274 e
1738 2235 1797 2275 Si·

131 2314 235 2354 biria
265 2327 403 2352 secum
432 2311 594 2359 retulit,
637 2322 679 2350 et
710 2312 904 2365 abruptae
935 2311 1087 2351 caudae
1118 2311 1339 2366 vestigium
1367 2311 1522 2351 inveni.
1595 2314 1670 2350 Est
1698 2324 1795 2364 ergo

67 2438 71 2442 .
129 2405 151 2431 e
181 2387 406 2444 specimine
435 2385 594 2440 juniore
624 2385 770 2435 nostri,
815 2401 909 2426 casu
950 2387 1079 2427 cauda
1119 2397 1264 2428 trunco
1305 2398 1421 2429 natus
1463 2400 1592 2437 error,
1636 2385 1710 2441 qui
1749 2385 1793 2425 in
