2196 2927
411 180 496 220 262
1172 185 1317 209 Ξ

408 287 562 345 ignaris
592 287 710 343 equis
743 288 935 342 depasta,
976 285 1086 327 intra
1114 300 1266 342 paucas
1295 283 1419 325 horas
1449 282 1724 339 strangulatos
1753 294 1911 325 enecat.
1983 284 2093 327 Hinc

412 366 517 405 forte
547 375 700 404 mortes
730 378 930 418 equorum
960 362 1012 401 ad
1042 361 1177 402 rivum
1207 362 1406 415 Gorkaja,
1448 360 1559 400 inter
1587 364 1763 399 Cumam
1806 371 1848 399 et
1889 363 2095 403 Terecum

412 440 457 480 in
492 454 605 480 mare
635 438 820 495 caspium
853 440 1126 487 defluentem,
1171 452 1270 492 quas
1313 436 1439 476 variis
1477 435 1609 476 causis
1639 446 1682 475 et
1710 433 1853 475 herbis
1883 434 2095 492 hucusque

409 515 652 556 tribuebant
679 516 978 555 observatores.
1037 512 1145 568 Equi
1176 512 1219 552 in
1249 512 1471 552 Tauricam
1502 509 1798 551 chersonesum
1834 525 1886 550 ex
1916 510 2008 551 aliis
2037 513 2096 553 lo-

411 590 471 632 cis
504 590 675 632 adducti
704 589 786 631 hoc
816 605 978 630 veneno
1008 589 1169 644 saepius
1199 587 1487 643 decipiuntur,
1527 598 1570 627 et
1597 586 1641 628 in
1673 596 1942 628 enecatorum
1970 587 2095 628 fauci-

412 668 488 709 bus
521 665 657 707 adhuc
686 665 930 706 haerentem
958 663 1132 704 herbam
1161 663 1318 703 inveni.

606 794 730 838 137.
822 788 1094 836 EQUUS
1168 787 1480 829 Hemionus.
1556 786 1897 829 TARXXV.

547 891 594 928 E.
626 888 755 927 cauda
786 885 904 941 apice
934 896 1087 934 setosa,
1128 898 1304 939 corpore
1348 884 1599 934 lutescente,
1645 885 1736 924 loro
1779 883 1933 925 dorsali
1962 885 2091 927 fusco.

631 962 769 1002 Multis
801 961 991 1000 dauricus
1022 961 1269 1008 foecundus,
1301 961 1578 1000 Messerschm.
1609 961 1696 999 MS.

630 1041 769 1092 Equus
799 1036 1053 1082 Hemionus,
1098 1036 1202 1075 Pall.
1246 1036 1351 1075 Nov.
1383 1037 1496 1075 Com.
1538 1036 1697 1090 Petrop.
1727 1036 1842 1074 XIX.
1874 1051 1970 1090 pag.
2002 1043 2094 1087 394.

686 1113 770 1152 tab.
803 1130 840 1165 7.
896 1113 1007 1151 Neue
1053 1111 1181 1151 Nord.
1222 1112 1365 1164 Beytr.
1396 1112 1450 1150 II.
1495 1126 1591 1166 pag.
1630 1128 1662 1150 1.
1706 1111 1789 1150 tab.
1828 1128 1859 1150 1.
1901 1113 2093 1153 itz'n.1H.

685 1204 782 1244 pag.
816 1205 906 1239 217.
952 1188 1120 1226 Gmeh‘n.
1151 1196 1253 1239 syst.
1283 1190 1353 1226 lin.
1383 1188 1416 1225 I.
1456 1202 1553 1240 pag.
1585 1203 1676 1226 210.
1706 1201 1767 1241 Sp.
1798 1193 1837 1228 5.

631 1261 907 1310 Dshiklssetess
941 1263 1060 1301 Penn.
1092 1263 1183 1300 hist.
1216 1262 1359 1316 quadr.
1390 1263 1422 1300 I.
1453 1277 1492 1315 p.
1524 1270 1562 1310 4.
1593 1277 1631 1300 η.
1663 1277 1700 1300 2.

520 1338 652 1379 Persis
695 1338 738 1378 in
782 1337 965 1377 Dauuria
1009 1337 1179 1390 Stepnyi
1222 1338 1312 1376 Kon
1355 1335 1616 1390 (campestris
1648 1338 1809 1390 equus).
1882 1336 2093 1392 Mongolis

576 1416 818 1467 Dshiggetei
850 1412 1058 1465 (auritus).
1117 1416 1138 1450 'i
1159 1411 1322 1466 angutis
1335 1413 1530 1465 Ksching.
1575 1409 1814 1450 Sinensibus
1845 1412 2094 1454 Yo-to-the

576 1490 770 1543 (Mulus).
831 1487 945 1527 Indis
975 1489 1307 1540 Ky'tsch-aerae.

546 1565 718 1605 Animal
749 1563 948 1618 Equifero
994 1563 1079 1601 fere
1125 1562 1331 1617 pulcrius,
1376 1561 1589 1602 inauditae
1618 1561 1855 1603 velocitatis
1886 1574 1926 1603 et
1958 1562 2094 1603 ferita-

412 1641 485 1688 tis,
516 1641 708 1695 frequens
738 1640 782 1680 in
813 1637 991 1695 planitie
1023 1637 1164 1692 alpina
1195 1639 1379 1687 deserta,
1425 1638 1499 1677 sub
1530 1638 1700 1678 nomine
1731 1638 1860 1687 Gobi‚
1894 1655 1915 1678 a
1943 1638 2093 1678 finibus

410 1716 619 1756 Dauuriae
649 1728 811 1756 nostrae
841 1728 969 1768 usque
998 1713 1049 1752 ad
1080 1714 1226 1759 Indos,
1257 1712 1366 1752 inter
1388 1716 1481 1766 juga
1506 1712 1711 1752 montium
1736 1713 1936 1752 altissima
1960 1713 2092 1752 orien-

411 1791 506 1831 talis
536 1791 683 1837 Asiae,
720 1804 842 1844 vaga,
891 1787 1084 1842 gregibus
1114 1802 1236 1842 saepe
1267 1787 1495 1826 numerosis
1526 1787 1726 1841 migrans,
1771 1798 1923 1827 aestate
1954 1798 1994 1827 et
2024 1802 2092 1842 pe-

411 1865 530 1906 nuria
558 1864 702 1921 pabuli
733 1865 784 1904 ad
815 1865 976 1903 deserta
1018 1861 1062 1901 in
1105 1863 1254 1901 finssbus
1298 1861 1495 1910 Sibiriae,
1540 1863 1756 1916 Argunum
1786 1864 1824 1902 fl.
1869 1874 1912 1902 et
1954 1863 2093 1903 lacum

411 1941 536 1980 Dalai
565 1940 723 1980 circum
754 1938 935 1992 jacentia
965 1938 1184 1986 accedens,
1223 1935 1436 1991 hucusque
1467 1936 1693 1986 indomita,
1739 1937 1841 1977 licet
1872 1937 2093 1992 aliquoties

411 2015 516 2072 pulli
548 2015 662 2071 capti
694 2026 736 2055 et
765 2013 933 2055 educati
964 2014 1141 2052 fuerunt.
1200 2014 1267 2051 An
1296 2027 1477 2067 unquam
1507 2011 1610 2052 citra
1642 2016 1799 2053 Imaum
1833 2024 1875 2053 et
1898 2013 2093 2053 altaicum

409 2094 549 2145 jugum
581 2091 847 2131 occidentem
878 2104 1016 2129 versus
1047 2099 1259 2136 excurrat,
1299 2099 1341 2127 et
1371 2104 1421 2127 an
1452 2087 1506 2127 sit
1535 2088 1762 2128 Hemionus
1792 2090 2022 2128 Aristotelis
2051 2099 2092 2127 et

411 2167 553 2214 Plinii,
598 2166 642 2206 in
686 2181 881 2221 suspenso
912 2164 1118 2219 relinquo.
1191 2161 1531 2218 Descriptionem
1578 2175 1620 2203 et
1664 2163 1882 2204 historiam
1927 2174 2091 2203 exactas

414 2241 515 2281 dedi
545 2241 589 2282 in
619 2243 748 2282 Novis
778 2244 1088 2282 Commentariis
1118 2240 1432 2294 Petropolztanis
1461 2237 1532 2280 hic
1569 2238 1668 2280 ideo
1705 2255 1789 2280 non
1835 2239 2089 2295 repetenda&

413 2317 506 2354 Sola
538 2317 633 2357 icon
663 2318 716 2358 sit
744 2332 819 2373 pro
849 2326 1105 2357 ornamento.
