2196 2927
395 181 480 223 242
1155 177 1299 200 Ξ

394 284 572 338 quadam
601 278 781 334 Dugoris
811 292 942 328 sacra,
972 276 1082 318 inter
1119 276 1337 316 innumera
1375 273 1514 316 crania
1551 275 1873 316 sacrificatorum
1913 277 2067 317 anima·

393 358 517 405 lium,
550 370 809 403 animonum,
852 353 1179 409 rupicaprarum,
1222 366 1458 400 cervorum,
1488 362 1533 390 ut
1574 362 1616 392 et
1652 350 1815 398 ovium,
1858 351 2069 392 hircorum

395 442 438 471 et
465 441 696 479 taurorum,
728 429 857 469 etiam
887 427 1200 484 quatuordecim
1232 426 1518 482 magnitudine
1543 427 1595 466 ad
1617 430 1742 475 Uros,
1773 438 1818 466 ut
1846 426 1926 482 ipsi
1957 428 2069 467 vide-

388 507 514 546 batur
542 506 757 545 referenda
786 504 923 559 capita
952 503 1135 552 invenit,
1168 518 1341 557 quorum
1372 514 1511 542 tamen
1541 516 1775 551 mensurae,
1819 503 1869 541 ab
1901 516 1952 541 eo
1981 517 2071 557 prc*

394 580 529 629 ditae,
560 595 644 620 non
673 580 805 620 solum
834 595 953 634 supra
981 578 1163 626 traditis,
1195 579 1267 618 sed
1296 577 1423 617 etiam
1452 576 1797 618 Lithuanicorum
1827 575 2069 616 animalium

388 671 419 696 na
448 670 514 695 me
544 654 685 695 statim
715 654 976 709 exponendis
1013 652 1214 692 mensuris
1253 652 1384 693 multo
1435 664 1528 693 sunt
1570 653 1764 693 minores.
1836 651 2072 705 Longitudo

395 730 601 781 ejusmodi
651 729 783 769 cranii
825 745 847 768 a
876 729 1078 769 foramine
1107 727 1322 782 occipitali
1361 729 1413 768 ad
1451 727 1614 783 apicem
1652 728 1850 767 maxillae
1893 737 1981 767 erat
2029 732 2071 766 16

394 804 618 860 pollicum,
650 803 876 843 orbitarum
907 803 1178 843 intervallum
1208 809 1230 842 8
1260 803 1362 857 poll.
1407 804 1618 843 Cornuum
1649 810 1671 843 8
1701 803 1803 857 poll.
1849 803 2010 842 Cornua
2028 800 2072 840 in

394 879 589 920 omnibus
619 890 733 919 recto
763 880 849 918 fere
879 878 1029 932 angulo
1060 876 1200 916 statim
1231 888 1274 916 et
1302 876 1619 917 horizontaliter
1649 893 1787 917 versus
1816 878 1947 917 latera
1975 887 2071 917 octo

395 954 599 1010 pollicum
628 953 893 1008 longitudine
922 964 1138 1008 protensa,
1177 951 1275 991 dein
1313 968 1410 992 arcu
1445 967 1595 1006 magno
1633 968 1790 992 sursum
1826 962 1992 992 curvata
2022 951 2073 989 ad

397 1028 665 1069 altitudinem
694 1029 878 1083 quinque
909 1027 1134 1083 pollicum,
1165 1026 1284 1081 apice
1312 1028 1479 1077 obtuso,
1510 1027 1582 1067 vix
1611 1027 1835 1067 introrsum
1864 1041 1996 1066 verso.
2021 1049 2072 1057 —-

396 1107 454 1145 Ut
484 1104 614 1158 magis
645 1107 775 1144 Usum
805 1121 826 1144 a
857 1102 1025 1143 nemine
1056 1101 1269 1157 hucusque
1297 1104 1427 1158 probe
1459 1103 1713 1159 descriptum
1744 1102 1971 1147 illustrem,
2009 1101 2075 1140 ad-

396 1180 494 1220 dam
523 1179 595 1219 hic
625 1179 953 1234 descriptionem
983 1178 1092 1217 inter
1129 1178 1320 1231 neglecta
1360 1178 1473 1218 varia
1511 1177 1789 1233 manuscripta
1825 1178 2075 1217 Academiae

397 1258 657 1295 scientiarum
686 1256 1011 1309 Petropolitanae
1040 1251 1149 1291 mihi
1189 1253 1391 1298 oblatam,
1434 1267 1557 1307 quam
1595 1268 1648 1292 ex
1686 1256 1772 1292 Uro
1809 1251 1992 1291 masculo
2033 1261 2076 1290 et

396 1328 559 1384 aliquot
587 1328 723 1368 vaccis
753 1327 991 1383 spontaneis
1035 1344 1055 1366 a
1094 1329 1210 1380 Rege
1249 1330 1517 1368 Borussorum
1553 1327 1795 1383 Petropolin
1827 1328 1945 1367 'dono
1982 1324 2076 1365 mis-

397 1404 453 1444 sis
482 1416 524 1444 et
552 1403 710 1444 bovilla
740 1403 807 1442 lue
837 1403 1007 1442 mortuis
1031 1417 1122 1442 ano.
1153 1409 1266 1453 1739.
1287 1402 1610 1442 concinnaverat
1638 1406 1671 1443 I.
1703 1405 1749 1444 C.
1784 1403 1941 1443 Wilde
1972 1406 2076 1441 Aca-

396 1479 565 1519 demiae
594 1489 825 1534 prosector,
859 1489 901 1518 et
930 1481 1043 1530 cujus
1074 1478 1277 1532 superflua
1308 1477 1503 1518 excludo.

536 1555 707 1594 Descr.
769 1554 876 1593 Urus
903 1552 1153 1608 proceritate
1197 1563 1240 1591 et
1281 1554 1562 1593 membrorum
1604 1552 1796 1593 vastitate
1839 1568 1886 1593 ac
1927 1554 2074 1592 robore

397 1632 556 1669 Vaccas
591 1629 724 1669 multo
761 1629 1053 1668 antecellebat.
1125 1629 1260 1682 Caput
1300 1643 1502 1677 crassum,
1546 1633 1695 1670 collum
1736 1630 1882 1677 breve3
1926 1631 2074 1668 thorax

397 1718 675 1758 compressus,
706 1714 840 1746 venter
870 1717 1009 1742 versus
1038 1701 1209 1756 inguina
1238 1702 1416 1742 strictus.
1473 1707 1657 1757 Tergum
1694 1704 1873 1743 anterius
1913 1703 1956 1742 in
1983 1702 2072 1756 gib-

399 1779 493 1818 bum
522 1779 750 1827 elevatum,
782 1788 1003 1816 retrorsum
1033 1776 1185 1816 sensim
1215 1777 1403 1824 declive,
1442 1783 1560 1832 spina
1598 1793 1737 1818 versus
1774 1779 1915 1818 clunes
1953 1791 2074 1830 angu-

399 1853 495 1893 lata.
557 1854 706 1892 Dentes
735 1853 913 1892 molares
953 1849 1110 1904 ubique
1146 1865 1232 1890 sex.
1303 1852 1433 1893 Nares
1474 1853 1662 1908 patulae,
1704 1857 1812 1894 oculi
1854 1851 1991 1892 vividi
2033 1862 2075 1891 et

397 1938 552 1975 truces;
583 1931 732 1968 collum
760 1928 911 1975 latum,
951 1926 1177 1965 secundum
1213 1941 1345 1966 armos
1381 1928 1624 1982 pendulum.
1690 1929 1819 1969 Crura
1856 1926 2073 1974 anteriora,

399 2003 452 2042 ob
480 2001 664 2042 thoracis
704 2001 1055 2057 profunditatem,
1095 1999 1286 2040 breviora
1322 2001 1572 2044 videbantur
1609 2003 1907 2059 posterioribus
1948 2013 1992 2042 et
2031 2016 2074 2041 os

397 2077 628 2132 metacarpi
657 2089 744 2117 erat
774 2088 995 2117 metatarso
1024 2075 1203 2116 brevius.
1264 2077 1451 2131 Ungulae
1480 2078 1664 2133 priorum
1693 2078 1959 2134 semipedalis
1988 2078 2072 2117 lon-

399 2152 627 2207 gitudinis,
678 2151 1018 2192 circumferentia
1054 2152 1266 2192 communi
1311 2154 1363 2193 ad
1407 2153 1524 2193 basin
1562 2154 1681 2194 unius
1719 2155 1865 2210 pedis3
1914 2157 2073 2210 spuriae

397 2227 602 2282 insignes,
630 2228 928 2283 tripollicares,
969 2228 1021 2268 ad.
1054 2227 1239 2268 radicem
1268 2228 1538 2284 sexpollicari
1575 2229 1929 2277 circumferentia,
1969 2241 2071 2267 cras-

399 2317 489 2350 sae,
536 2303 810 2343 anterioribus
840 2303 1005 2357 ungulis
1034 2302 1093 2343 ita
1122 2314 1360 2358 coaptatae,
1403 2315 1449 2344 ut
1477 2304 1521 2344 in
1550 2304 1734 2352 incessu,
1778 2306 1828 2344 ad
1860 2301 2070 2343 fulcimen-

399 2387 489 2417 tum
518 2377 700 2432 corporis
729 2378 815 2419 illis
846 2379 1087 2432 adjumento
1117 2393 1204 2419 esse
1234 2379 1405 2434 possint.
1473 2384 1519 2420 In
1548 2381 1725 2434 pedibus
1754 2382 1917 2434 posticis
1946 2389 2069 2429 ungu-
