<?xml version="1.0" encoding="UTF-8"?>
<!DOCTYPE html PUBLIC "-//W3C//DTD XHTML 1.0 Transitional//EN"
    "http://www.w3.org/TR/xhtml1/DTD/xhtml1-transitional.dtd">
<html xmlns="http://www.w3.org/1999/xhtml" xml:lang="en" lang="en">
 <head>
  <title>
</title>
<meta http-equiv="Content-Type" content="text/html;charset=utf-8" />
  <meta name='ocr-system' content='tesseract 3.04.00' />
  <meta name='ocr-capabilities' content='ocr_page ocr_carea ocr_par ocr_line ocrx_word'/>
</head>
<body>
  <div class='ocr_page' id='page_1' title='image "./zoographiarossoa11831pall_0054.png"; bbox 0 0 2196 2927; ppageno 0'>
   <div class='ocr_carea' id='block_1_1' title="bbox 373 181 1769 339">
    <p class='ocr_par' dir='ltr' id='par_1_1' title="bbox 373 181 1769 339">
     <span class='ocr_line' id='line_1_1' title="bbox 373 181 1271 232; baseline -0.02 -10"><span class='ocrx_word' id='word_1_1' title='bbox 373 193 426 232; x_wconf 61' lang='lat'><strong>”4</strong></span> <span class='ocrx_word' id='word_1_2' title='bbox 1128 181 1271 206; x_wconf 76' lang='grc'>....·-.-·-··-</span> 
     </span>
     <span class='ocr_line' id='line_1_2' title="bbox 476 280 1769 339; baseline -0.007 -9"><span class='ocrx_word' id='word_1_3' title='bbox 476 286 636 330; x_wconf 83' lang='lat' dir='ltr'><strong>Tataris</strong></span> <span class='ocrx_word' id='word_1_4' title='bbox 666 285 841 339; x_wconf 81' lang='lat' dir='ltr'><strong>(eodem</strong></span> <span class='ocrx_word' id='word_1_5' title='bbox 870 282 1126 338; x_wconf 82' lang='lat' dir='ltr'><strong>significatu)</strong></span> <span class='ocrx_word' id='word_1_6' title='bbox 1156 280 1468 336; x_wconf 74' lang='lat' dir='ltr'><strong>Kir-myschak</strong></span> <span class='ocrx_word' id='word_1_7' title='bbox 1494 280 1599 320; x_wconf 87' lang='lat' dir='ltr'><strong>item</strong></span> <span class='ocrx_word' id='word_1_8' title='bbox 1626 280 1769 322; x_wconf 73' lang='grc' dir='ltr'><strong><em>Ριιῖὰη.</em></strong></span> 
     </span>
    </p>
   </div>
   <div class='ocr_carea' id='block_1_2' title="bbox 476 398 1344 452">
    <p class='ocr_par' dir='ltr' id='par_1_2' title="bbox 476 398 1344 452">
     <span class='ocr_line' id='line_1_3' title="bbox 476 398 1344 452; baseline -0.007 -10"><span class='ocrx_word' id='word_1_9' title='bbox 476 398 761 442; x_wconf 82' lang='lat' dir='ltr'><strong>Tscherkessis</strong></span> <span class='ocrx_word' id='word_1_10' title='bbox 789 398 1039 452; x_wconf 79' lang='lat' dir='ltr'><strong>Moes-gedu.</strong></span> <span class='ocrx_word' id='word_1_11' title='bbox 1071 398 1344 449; x_wconf 73' lang='lat' dir='ltr'><strong>(Gilldenst.)</strong></span> 
     </span>
    </p>
   </div>
   <div class='ocr_carea' id='block_1_3' title="bbox 371 508 2047 937">
    <p class='ocr_par' dir='ltr' id='par_1_3' title="bbox 371 508 2047 937">
     <span class='ocr_line' id='line_1_4' title="bbox 504 508 2044 569; baseline -0.003 -14"><span class='ocrx_word' id='word_1_12' title='bbox 504 518 715 569; x_wconf 82' lang='lat' dir='ltr'>Frequens</span> <span class='ocrx_word' id='word_1_13' title='bbox 743 512 787 552; x_wconf 91' lang='lat' dir='ltr'><strong>in</strong></span> <span class='ocrx_word' id='word_1_14' title='bbox 818 510 1075 552; x_wconf 85' lang='lat' dir='ltr'><strong>arundinetis</strong></span> <span class='ocrx_word' id='word_1_15' title='bbox 1104 522 1147 550; x_wconf 90' lang='lat' dir='ltr'><strong>et</strong></span> <span class='ocrx_word' id='word_1_16' title='bbox 1174 509 1303 565; x_wconf 84' lang='lat' dir='ltr'><strong>sylvis</strong></span> <span class='ocrx_word' id='word_1_17' title='bbox 1332 508 1561 565; x_wconf 81' lang='lat' dir='ltr'>subalpinis</span> <span class='ocrx_word' id='word_1_18' title='bbox 1590 508 1700 549; x_wconf 80' lang='lat' dir='ltr'><strong>circa</strong></span> <span class='ocrx_word' id='word_1_19' title='bbox 1720 523 1830 549; x_wconf 84' lang='lat' dir='ltr'><strong>mare</strong></span> <span class='ocrx_word' id='word_1_20' title='bbox 1847 509 2044 566; x_wconf 81' lang='lat' dir='ltr'>Caspium</span> 
     </span>
     <span class='ocr_line' id='line_1_5' title="bbox 371 584 2043 640; baseline -0.004 -8"><span class='ocrx_word' id='word_1_21' title='bbox 371 604 412 632; x_wconf 83' lang='lat' dir='ltr'><strong>et</strong></span> <span class='ocrx_word' id='word_1_22' title='bbox 449 593 586 632; x_wconf 83' lang='lat' dir='ltr'><strong>lacum</strong></span> <span class='ocrx_word' id='word_1_23' title='bbox 617 588 738 635; x_wconf 86' lang='lat' dir='ltr'><strong>Aral,</strong></span> <span class='ocrx_word' id='word_1_24' title='bbox 768 587 871 627; x_wconf 86' lang='lat' dir='ltr'><strong>item</strong></span> <span class='ocrx_word' id='word_1_25' title='bbox 900 587 951 626; x_wconf 84' lang='lat' dir='ltr'><strong>ad</strong></span> <span class='ocrx_word' id='word_1_26' title='bbox 979 590 1111 626; x_wconf 79' lang='lat' dir='ltr'><strong>Tere-c</strong></span> <span class='ocrx_word' id='word_1_27' title='bbox 1140 587 1235 625; x_wconf 81' lang='lat' dir='ltr'><strong>fluv.</strong></span> <span class='ocrx_word' id='word_1_28' title='bbox 1265 585 1511 640; x_wconf 85' lang='lat' dir='ltr'><strong>praesertim</strong></span> <span class='ocrx_word' id='word_1_29' title='bbox 1539 599 1639 625; x_wconf 83' lang='lat' dir='ltr'><strong>vero</strong></span> <span class='ocrx_word' id='word_1_30' title='bbox 1667 584 1712 624; x_wconf 88' lang='lat' dir='ltr'><strong>in</strong></span> <span class='ocrx_word' id='word_1_31' title='bbox 1740 584 1903 625; x_wconf 86' lang='lat' dir='ltr'><strong>Persiae</strong></span> <span class='ocrx_word' id='word_1_32' title='bbox 1926 586 2043 625; x_wconf 87' lang='lat' dir='ltr'><strong>bore-</strong></span> 
     </span>
     <span class='ocr_line' id='line_1_6' title="bbox 371 659 2044 716; baseline -0.004 -9"><span class='ocrx_word' id='word_1_33' title='bbox 371 667 515 712; x_wconf 87' lang='lat' dir='ltr'><strong>alibus,</strong></span> <span class='ocrx_word' id='word_1_34' title='bbox 542 663 615 704; x_wconf 92' lang='lat' dir='ltr'><strong>ubi</strong></span> <span class='ocrx_word' id='word_1_35' title='bbox 645 679 666 702; x_wconf 85' lang='lat' dir='ltr'><strong>a</strong></span> <span class='ocrx_word' id='word_1_36' title='bbox 696 664 928 702; x_wconf 76' lang='lat' dir='ltr'><strong>Gmelino</strong></span> <span class='ocrx_word' id='word_1_37' title='bbox 957 676 1051 701; x_wconf 87' lang='lat' dir='ltr'><strong>cum</strong></span> <span class='ocrx_word' id='word_1_38' title='bbox 1081 661 1185 701; x_wconf 88' lang='lat' dir='ltr'><strong>Cato</strong></span> <span class='ocrx_word' id='word_1_39' title='bbox 1215 662 1303 700; x_wconf 85' lang='lat' dir='ltr'><strong>fero</strong></span> <span class='ocrx_word' id='word_1_40' title='bbox 1331 675 1548 716; x_wconf 80' lang='lat' dir='ltr'>perperam</span> <span class='ocrx_word' id='word_1_41' title='bbox 1579 659 1860 700; x_wconf 85' lang='lat' dir='ltr'><strong>confunditur.</strong></span> <span class='ocrx_word' id='word_1_42' title='bbox 1924 660 2044 701; x_wconf 85' lang='lat' dir='ltr'><strong>Vivit</strong></span> 
     </span>
     <span class='ocr_line' id='line_1_7' title="bbox 371 734 2047 792; baseline -0.004 -11"><span class='ocrx_word' id='word_1_43' title='bbox 371 741 515 781; x_wconf 83' lang='lat' dir='ltr'><strong>avibus</strong></span> <span class='ocrx_word' id='word_1_44' title='bbox 542 738 649 778; x_wconf 87' lang='lat' dir='ltr'><strong>inter</strong></span> <span class='ocrx_word' id='word_1_45' title='bbox 679 737 898 777; x_wconf 88' lang='lat' dir='ltr'><strong>arundines</strong></span> <span class='ocrx_word' id='word_1_46' title='bbox 926 734 1280 792; x_wconf 82' lang='lat' dir='ltr'><strong>pernoctantibus,</strong></span> <span class='ocrx_word' id='word_1_47' title='bbox 1308 734 1507 781; x_wconf 84' lang='lat' dir='ltr'><strong>muribus,</strong></span> <span class='ocrx_word' id='word_1_48' title='bbox 1536 734 1622 774; x_wconf 86' lang='lat' dir='ltr'><strong>imo</strong></span> <span class='ocrx_word' id='word_1_49' title='bbox 1660 734 1858 790; x_wconf 84' lang='lat' dir='ltr'><strong>piscibus.</strong></span> <span class='ocrx_word' id='word_1_50' title='bbox 1923 737 2047 775; x_wconf 91' lang='lat' dir='ltr'><strong>Fero-</strong></span> 
     </span>
     <span class='ocr_line' id='line_1_8' title="bbox 371 809 2045 868; baseline -0.004 -12"><span class='ocrx_word' id='word_1_51' title='bbox 371 816 479 857; x_wconf 89' lang='lat' dir='ltr'><strong>ciam</strong></span> <span class='ocrx_word' id='word_1_52' title='bbox 508 825 628 868; x_wconf 85' lang='lat' dir='ltr'><strong>capta</strong></span> <span class='ocrx_word' id='word_1_53' title='bbox 656 828 738 853; x_wconf 90' lang='lat' dir='ltr'><strong>non</strong></span> <span class='ocrx_word' id='word_1_54' title='bbox 767 811 896 852; x_wconf 83' lang='lat' dir='ltr'><strong>exuit.</strong></span> <span class='ocrx_word' id='word_1_55' title='bbox 964 809 1096 851; x_wconf 85' lang='lat' dir='ltr'><strong>Persis</strong></span> <span class='ocrx_word' id='word_1_56' title='bbox 1132 824 1296 865; x_wconf 87' lang='lat' dir='ltr'><strong>quoque</strong></span> <span class='ocrx_word' id='word_1_57' title='bbox 1332 809 1528 857; x_wconf 79' lang='lat' dir='ltr'><strong>nomine,</strong></span> <span class='ocrx_word' id='word_1_58' title='bbox 1571 810 1682 865; x_wconf 90' lang='lat' dir='ltr'><strong>quod</strong></span> <span class='ocrx_word' id='word_1_59' title='bbox 1723 809 1873 851; x_wconf 81' lang='lat' dir='ltr'><strong>Catum</strong></span> <span class='ocrx_word' id='word_1_60' title='bbox 1912 809 2045 849; x_wconf 85' lang='lat' dir='ltr'><strong>ferum</strong></span> 
     </span>
     <span class='ocr_line' id='line_1_9' title="bbox 372 887 659 937; baseline -0.01 -7"><span class='ocrx_word' id='word_1_61' title='bbox 372 901 501 937; x_wconf 82' lang='lat' dir='ltr'><strong>sonat,</strong></span> <span class='ocrx_word' id='word_1_62' title='bbox 531 887 659 929; x_wconf 81' lang='lat' dir='ltr'><strong>venit.</strong></span> 
     </span>
    </p>
   </div>
   <div class='ocr_carea' id='block_1_4' title="bbox 370 1032 2052 2356">
    <p class='ocr_par' dir='ltr' id='par_1_4' title="bbox 370 1032 2052 2356">
     <span class='ocr_line' id='line_1_10' title="bbox 504 1032 2052 1089; baseline -0.003 -11"><span class='ocrx_word' id='word_1_63' title='bbox 504 1040 647 1078; x_wconf 74' lang='lat' dir='ltr'><strong>Desc-</strong></span> <span class='ocrx_word' id='word_1_64' title='bbox 702 1036 947 1089; x_wconf 77' lang='lat' dir='ltr'><strong>Magnitudo</strong></span> <span class='ocrx_word' id='word_1_65' title='bbox 974 1035 1083 1074; x_wconf 87' lang='lat' dir='ltr'><strong>inter</strong></span> <span class='ocrx_word' id='word_1_66' title='bbox 1112 1035 1263 1074; x_wconf 87' lang='lat' dir='ltr'><strong>Catum</strong></span> <span class='ocrx_word' id='word_1_67' title='bbox 1289 1045 1332 1073; x_wconf 87' lang='lat' dir='ltr'><strong>et</strong></span> <span class='ocrx_word' id='word_1_68' title='bbox 1362 1033 1621 1074; x_wconf 87' lang='lat' dir='ltr'><strong>Caracallam</strong></span> <span class='ocrx_word' id='word_1_69' title='bbox 1656 1032 1856 1086; x_wconf 79' lang='lat' dir='ltr'><strong>Buffo&#39;n.</strong></span> <span class='ocrx_word' id='word_1_70' title='bbox 1895 1032 2052 1081; x_wconf 84' lang='lat' dir='ltr'><strong>media,</strong></span> 
     </span>
     <span class='ocr_line' id='line_1_11' title="bbox 370 1106 2047 1164; baseline -0.003 -12"><span class='ocrx_word' id='word_1_71' title='bbox 370 1127 441 1153; x_wconf 89' lang='lat' dir='ltr'><strong>seu</strong></span> <span class='ocrx_word' id='word_1_72' title='bbox 470 1112 574 1152; x_wconf 89' lang='lat' dir='ltr'><strong>Cani</strong></span> <span class='ocrx_word' id='word_1_73' title='bbox 602 1126 724 1150; x_wconf 89' lang='lat' dir='ltr'><strong>aureo</strong></span> <span class='ocrx_word' id='word_1_74' title='bbox 753 1111 839 1149; x_wconf 88' lang='lat' dir='ltr'><strong>fere</strong></span> <span class='ocrx_word' id='word_1_75' title='bbox 870 1125 956 1164; x_wconf 88' lang='lat' dir='ltr'><strong>par,</strong></span> <span class='ocrx_word' id='word_1_76' title='bbox 985 1109 1052 1148; x_wconf 89' lang='lat' dir='ltr'><strong>cui</strong></span> <span class='ocrx_word' id='word_1_77' title='bbox 1082 1119 1123 1148; x_wconf 89' lang='lat' dir='ltr'><strong>et</strong></span> <span class='ocrx_word' id='word_1_78' title='bbox 1152 1108 1290 1148; x_wconf 88' lang='lat' dir='ltr'><strong>colore</strong></span> <span class='ocrx_word' id='word_1_79' title='bbox 1320 1107 1573 1155; x_wconf 75' lang='lat' dir='ltr'><strong>consimili53</strong></span> <span class='ocrx_word' id='word_1_80' title='bbox 1603 1117 1761 1148; x_wconf 73' lang='lat' dir='ltr'><strong>statura</strong></span> <span class='ocrx_word' id='word_1_81' title='bbox 1790 1106 1926 1147; x_wconf 84' lang='lat' dir='ltr'><strong>minus</strong></span> <span class='ocrx_word' id='word_1_82' title='bbox 1960 1121 2047 1161; x_wconf 86' lang='lat' dir='ltr'><strong>gra-</strong></span> 
     </span>
     <span class='ocr_line' id='line_1_12' title="bbox 372 1182 2047 1238; baseline -0.002 -12"><span class='ocrx_word' id='word_1_83' title='bbox 372 1187 465 1227; x_wconf 86' lang='lat' dir='ltr'><strong>cilis</strong></span> <span class='ocrx_word' id='word_1_84' title='bbox 496 1185 724 1232; x_wconf 84' lang='lat' dir='ltr'><strong>Caracalla,</strong></span> <span class='ocrx_word' id='word_1_85' title='bbox 756 1185 859 1225; x_wconf 90' lang='lat' dir='ltr'><strong>Cato</strong></span> <span class='ocrx_word' id='word_1_86' title='bbox 889 1183 1079 1229; x_wconf 79' lang='lat' dir='ltr'>similior,</span> <span class='ocrx_word' id='word_1_87' title='bbox 1108 1196 1295 1237; x_wconf 85' lang='lat' dir='ltr'><strong>procera.</strong></span> <span class='ocrx_word' id='word_1_88' title='bbox 1349 1183 1485 1237; x_wconf 76' lang='lat' dir='ltr'><strong>Caput</strong></span> <span class='ocrx_word' id='word_1_89' title='bbox 1513 1197 1589 1238; x_wconf 88' lang='lat' dir='ltr'><strong>pro</strong></span> <span class='ocrx_word' id='word_1_90' title='bbox 1618 1182 1728 1222; x_wconf 88' lang='lat' dir='ltr'><strong>mole</strong></span> <span class='ocrx_word' id='word_1_91' title='bbox 1758 1197 1944 1236; x_wconf 86' lang='lat' dir='ltr'><strong>parvum,</strong></span> <span class='ocrx_word' id='word_1_92' title='bbox 1977 1184 2047 1222; x_wconf 89' lang='lat' dir='ltr'><strong>ob-</strong></span> 
     </span>
     <span class='ocr_line' id='line_1_13' title="bbox 374 1256 2049 1314; baseline -0.002 -14"><span class='ocrx_word' id='word_1_93' title='bbox 374 1260 550 1314; x_wconf 79' lang='lat' dir='ltr'><strong>longius.</strong></span> <span class='ocrx_word' id='word_1_94' title='bbox 603 1260 752 1306; x_wconf 84' lang='lat' dir='ltr'><strong>Nasus,</strong></span> <span class='ocrx_word' id='word_1_95' title='bbox 780 1269 826 1297; x_wconf 89' lang='lat' dir='ltr'><strong>ut</strong></span> <span class='ocrx_word' id='word_1_96' title='bbox 852 1258 897 1297; x_wconf 87' lang='lat' dir='ltr'><strong>in</strong></span> <span class='ocrx_word' id='word_1_97' title='bbox 925 1258 1030 1298; x_wconf 86' lang='lat' dir='ltr'><strong>Cato</strong></span> <span class='ocrx_word' id='word_1_98' title='bbox 1069 1256 1168 1295; x_wconf 87' lang='lat' dir='ltr'><strong>stria</strong></span> <span class='ocrx_word' id='word_1_99' title='bbox 1209 1256 1387 1302; x_wconf 78' lang='lat' dir='ltr'><strong>divisus,</strong></span> <span class='ocrx_word' id='word_1_100' title='bbox 1423 1274 1498 1313; x_wconf 87' lang='lat' dir='ltr'><strong>per</strong></span> <span class='ocrx_word' id='word_1_101' title='bbox 1534 1267 1712 1298; x_wconf 88' lang='lat' dir='ltr'><strong>tractum</strong></span> <span class='ocrx_word' id='word_1_102' title='bbox 1751 1257 1906 1295; x_wconf 87' lang='lat' dir='ltr'><strong>nudum</strong></span> <span class='ocrx_word' id='word_1_103' title='bbox 1948 1257 2049 1296; x_wconf 88' lang='lat' dir='ltr'><strong>labii</strong></span> 
     </span>
     <span class='ocr_line' id='line_1_14' title="bbox 375 1328 2048 1384; baseline -0.002 -10"><span class='ocrx_word' id='word_1_104' title='bbox 375 1335 667 1374; x_wconf 82' lang='lat' dir='ltr'><strong>descendente.</strong></span> <span class='ocrx_word' id='word_1_105' title='bbox 731 1333 826 1372; x_wconf 77' lang='lat' dir='ltr'><strong>Oris</strong></span> <span class='ocrx_word' id='word_1_106' title='bbox 855 1331 1031 1371; x_wconf 80' lang='lat' dir='ltr'><strong>ambitus</strong></span> <span class='ocrx_word' id='word_1_107' title='bbox 1062 1331 1190 1371; x_wconf 85' lang='lat' dir='ltr'><strong>albus.</strong></span> <span class='ocrx_word' id='word_1_108' title='bbox 1245 1332 1395 1370; x_wconf 79' lang='lat' dir='ltr'><strong>Dentes</strong></span> <span class='ocrx_word' id='word_1_109' title='bbox 1422 1328 1625 1384; x_wconf 86' lang='lat' dir='ltr'><strong>primores</strong></span> <span class='ocrx_word' id='word_1_110' title='bbox 1641 1329 1771 1384; x_wconf 89' lang='lat' dir='ltr'><strong>parvi,</strong></span> <span class='ocrx_word' id='word_1_111' title='bbox 1787 1330 1939 1376; x_wconf 85' lang='lat' dir='ltr'><strong>obtusi,</strong></span> <span class='ocrx_word' id='word_1_112' title='bbox 1958 1333 2048 1371; x_wconf 84' lang='lat' dir='ltr'><strong>sub-</strong></span> 
     </span>
     <span class='ocr_line' id='line_1_15' title="bbox 376 1404 2051 1463; baseline -0.002 -15"><span class='ocrx_word' id='word_1_113' title='bbox 376 1409 582 1463; x_wconf 85' lang='lat' dir='ltr'><strong>aequales,</strong></span> <span class='ocrx_word' id='word_1_114' title='bbox 611 1406 772 1447; x_wconf 78' lang='lat' dir='ltr'><strong>extimo</strong></span> <span class='ocrx_word' id='word_1_115' title='bbox 801 1406 996 1460; x_wconf 87' lang='lat' dir='ltr'><strong>utrinque</strong></span> <span class='ocrx_word' id='word_1_116' title='bbox 1025 1406 1265 1459; x_wconf 78' lang='lat' dir='ltr'><strong>majusculo,</strong></span> <span class='ocrx_word' id='word_1_117' title='bbox 1302 1404 1528 1451; x_wconf 82' lang='lat' dir='ltr'><strong>conoide03</strong></span> <span class='ocrx_word' id='word_1_118' title='bbox 1568 1408 1739 1444; x_wconf 80' lang='lat' dir='ltr'><strong>molares</strong></span> <span class='ocrx_word' id='word_1_119' title='bbox 1774 1420 1896 1460; x_wconf 79' lang='lat' dir='ltr'><strong>supra</strong></span> <span class='ocrx_word' id='word_1_120' title='bbox 1935 1405 2051 1460; x_wconf 86' lang='lat' dir='ltr'><strong>prior</strong></span> 
     </span>
     <span class='ocr_line' id='line_1_16' title="bbox 376 1479 2047 1535; baseline -0.002 -13"><span class='ocrx_word' id='word_1_121' title='bbox 376 1483 572 1529; x_wconf 85' lang='lat' dir='ltr'><strong>minutus,</strong></span> <span class='ocrx_word' id='word_1_122' title='bbox 601 1481 761 1522; x_wconf 87' lang='lat' dir='ltr'><strong>medius</strong></span> <span class='ocrx_word' id='word_1_123' title='bbox 795 1479 1081 1533; x_wconf 79' lang='lat' dir='ltr'><strong>triangularis,</strong></span> <span class='ocrx_word' id='word_1_124' title='bbox 1122 1491 1350 1534; x_wconf 85' lang='lat' dir='ltr'><strong>postremus</strong></span> <span class='ocrx_word' id='word_1_125' title='bbox 1387 1480 1593 1519; x_wconf 73' lang='lat' dir='ltr'><strong>maximus</strong></span> <span class='ocrx_word' id='word_1_126' title='bbox 1628 1479 1846 1534; x_wconf 88' lang='lat' dir='ltr'><strong>tricuspis‚</strong></span> <span class='ocrx_word' id='word_1_127' title='bbox 1888 1479 2047 1535; x_wconf 82' lang='lat' dir='ltr'><strong>postice</strong></span> 
     </span>
     <span class='ocr_line' id='line_1_17' title="bbox 375 1552 2050 1612; baseline -0.002 -15"><span class='ocrx_word' id='word_1_128' title='bbox 375 1558 615 1612; x_wconf 84' lang='lat' dir='ltr'><strong>productus3</strong></span> <span class='ocrx_word' id='word_1_129' title='bbox 646 1558 752 1608; x_wconf 79' lang='lat' dir='ltr'><strong>infra</strong></span> <span class='ocrx_word' id='word_1_130' title='bbox 777 1554 881 1593; x_wconf 87' lang='lat' dir='ltr'><strong>item</strong></span> <span class='ocrx_word' id='word_1_131' title='bbox 906 1564 1002 1601; x_wconf 89' lang='lat' dir='ltr'><strong>tres,</strong></span> <span class='ocrx_word' id='word_1_132' title='bbox 1031 1552 1187 1607; x_wconf 88' lang='lat' dir='ltr'><strong>primus</strong></span> <span class='ocrx_word' id='word_1_133' title='bbox 1217 1553 1400 1600; x_wconf 85' lang='lat' dir='ltr'><strong>conicus,</strong></span> <span class='ocrx_word' id='word_1_134' title='bbox 1428 1554 1553 1608; x_wconf 84' lang='lat' dir='ltr'><strong>paulo</strong></span> <span class='ocrx_word' id='word_1_135' title='bbox 1582 1552 1718 1594; x_wconf 85' lang='lat' dir='ltr'><strong>minor</strong></span> <span class='ocrx_word' id='word_1_136' title='bbox 1740 1553 1926 1608; x_wconf 84' lang='lat' dir='ltr'><strong>reliquis.</strong></span> <span class='ocrx_word' id='word_1_137' title='bbox 1954 1555 2050 1607; x_wconf 79' lang='lat' dir='ltr'><strong>My-</strong></span> 
     </span>
     <span class='ocr_line' id='line_1_18' title="bbox 375 1627 2047 1682; baseline -0.002 -11"><span class='ocrx_word' id='word_1_138' title='bbox 375 1642 506 1671; x_wconf 77' lang='lat' dir='ltr'><strong>staces</strong></span> <span class='ocrx_word' id='word_1_139' title='bbox 533 1639 559 1679; x_wconf 80' lang='grc'>4</span> <span class='ocrx_word' id='word_1_140' title='bbox 586 1628 791 1675; x_wconf 84' lang='lat' dir='ltr'><strong>ordinum,</strong></span> <span class='ocrx_word' id='word_1_141' title='bbox 820 1627 1042 1681; x_wconf 80' lang='lat' dir='ltr'><strong>pleraeque</strong></span> <span class='ocrx_word' id='word_1_142' title='bbox 1070 1638 1180 1666; x_wconf 86' lang='lat' dir='ltr'><strong>setae</strong></span> <span class='ocrx_word' id='word_1_143' title='bbox 1209 1638 1253 1666; x_wconf 85' lang='lat' dir='ltr'><strong>et</strong></span> <span class='ocrx_word' id='word_1_144' title='bbox 1279 1631 1455 1678; x_wconf 84' lang='lat' dir='ltr'><strong>majores</strong></span> <span class='ocrx_word' id='word_1_145' title='bbox 1485 1627 1670 1673; x_wconf 81' lang='lat' dir='ltr'><strong>albidae,</strong></span> <span class='ocrx_word' id='word_1_146' title='bbox 1711 1642 1881 1682; x_wconf 82' lang='lat' dir='ltr'><strong>superae</strong></span> <span class='ocrx_word' id='word_1_147' title='bbox 1923 1628 2047 1682; x_wconf 86' lang='lat' dir='ltr'><strong>nigri-</strong></span> 
     </span>
     <span class='ocr_line' id='line_1_19' title="bbox 377 1701 2047 1756; baseline -0.002 -11"><span class='ocrx_word' id='word_1_148' title='bbox 377 1715 530 1745; x_wconf 86' lang='lat' dir='ltr'><strong>cantes.</strong></span> <span class='ocrx_word' id='word_1_149' title='bbox 589 1705 735 1743; x_wconf 78' lang='lat' dir='ltr'><strong>Sutura</strong></span> <span class='ocrx_word' id='word_1_150' title='bbox 762 1701 935 1741; x_wconf 86' lang='lat' dir='ltr'><strong>bicruris</strong></span> <span class='ocrx_word' id='word_1_151' title='bbox 963 1717 1082 1756; x_wconf 89' lang='lat' dir='ltr'><strong>supra</strong></span> <span class='ocrx_word' id='word_1_152' title='bbox 1111 1716 1255 1741; x_wconf 86' lang='lat' dir='ltr'><strong>nasum</strong></span> <span class='ocrx_word' id='word_1_153' title='bbox 1283 1713 1327 1740; x_wconf 90' lang='lat' dir='ltr'><strong>et</strong></span> <span class='ocrx_word' id='word_1_154' title='bbox 1356 1701 1549 1756; x_wconf 77' lang='lat' dir='ltr'><strong>utrinque</strong></span> <span class='ocrx_word' id='word_1_155' title='bbox 1579 1712 1672 1740; x_wconf 83' lang='lat' dir='ltr'><strong>ante</strong></span> <span class='ocrx_word' id='word_1_156' title='bbox 1702 1701 1902 1741; x_wconf 86' lang='lat' dir='ltr'><strong>canthum</strong></span> <span class='ocrx_word' id='word_1_157' title='bbox 1935 1702 2047 1742; x_wconf 84' lang='lat' dir='ltr'><strong>oculi</strong></span> 
     </span>
     <span class='ocr_line' id='line_1_20' title="bbox 383 1775 2046 1831; baseline -0.002 -12"><span class='ocrx_word' id='word_1_158' title='bbox 383 1780 548 1818; x_wconf 82' lang='lat' dir='ltr'><strong>reflexa.</strong></span> <span class='ocrx_word' id='word_1_159' title='bbox 607 1779 648 1817; x_wconf 93' lang='lat' dir='ltr'><em>V</em></span> <span class='ocrx_word' id='word_1_160' title='bbox 646 1791 782 1817; x_wconf 79' lang='lat' dir='ltr'><strong>erruca</strong></span> <span class='ocrx_word' id='word_1_161' title='bbox 812 1780 1111 1831; x_wconf 78' lang='lat' dir='ltr'><strong>supraocularis</strong></span> <span class='ocrx_word' id='word_1_162' title='bbox 1137 1775 1235 1831; x_wconf 84' lang='lat' dir='ltr'><strong>pilis</strong></span> <span class='ocrx_word' id='word_1_163' title='bbox 1266 1783 1302 1817; x_wconf 85' lang='lat'><strong>5.</strong></span> <span class='ocrx_word' id='word_1_164' title='bbox 1333 1775 1468 1822; x_wconf 73' lang='lat' dir='ltr'><strong>fuscis,</strong></span> <span class='ocrx_word' id='word_1_165' title='bbox 1496 1775 1618 1815; x_wconf 87' lang='lat' dir='ltr'><strong>unica</strong></span> <span class='ocrx_word' id='word_1_166' title='bbox 1647 1786 1733 1815; x_wconf 85' lang='lat' dir='ltr'><strong>seta</strong></span> <span class='ocrx_word' id='word_1_167' title='bbox 1762 1775 1924 1822; x_wconf 85' lang='lat' dir='ltr'><strong>albida,</strong></span> <span class='ocrx_word' id='word_1_168' title='bbox 1955 1777 2046 1816; x_wconf 82' lang='lat' dir='ltr'><strong>buc-</strong></span> 
     </span>
     <span class='ocr_line' id='line_1_21' title="bbox 380 1850 2048 1906; baseline -0.001 -14"><span class='ocrx_word' id='word_1_169' title='bbox 380 1856 487 1893; x_wconf 79' lang='lat' dir='ltr'><strong>cales</strong></span> <span class='ocrx_word' id='word_1_170' title='bbox 514 1863 600 1892; x_wconf 86' lang='lat' dir='ltr'><strong>seta</strong></span> <span class='ocrx_word' id='word_1_171' title='bbox 627 1851 748 1892; x_wconf 86' lang='lat' dir='ltr'><strong>unica</strong></span> <span class='ocrx_word' id='word_1_172' title='bbox 776 1855 929 1904; x_wconf 84' lang='lat' dir='ltr'><strong>majore</strong></span> <span class='ocrx_word' id='word_1_173' title='bbox 969 1851 1079 1899; x_wconf 89' lang='lat' dir='ltr'><strong>alba;</strong></span> <span class='ocrx_word' id='word_1_174' title='bbox 1119 1855 1326 1906; x_wconf 78' lang='lat' dir='ltr'><strong>paroticae</strong></span> <span class='ocrx_word' id='word_1_175' title='bbox 1363 1850 1460 1890; x_wconf 89' lang='lat' dir='ltr'><strong>setis</strong></span> <span class='ocrx_word' id='word_1_176' title='bbox 1499 1850 1623 1891; x_wconf 88' lang='lat' dir='ltr'><strong>binis.</strong></span> <span class='ocrx_word' id='word_1_177' title='bbox 1690 1851 1820 1891; x_wconf 80' lang='lat' dir='ltr'><strong>Aures</strong></span> <span class='ocrx_word' id='word_1_178' title='bbox 1860 1865 2048 1905; x_wconf 80' lang='lat' dir='ltr'><strong>magnae,</strong></span> 
     </span>
     <span class='ocr_line' id='line_1_22' title="bbox 382 1924 2049 1981; baseline -0.001 -15"><span class='ocrx_word' id='word_1_179' title='bbox 382 1926 651 1975; x_wconf 84' lang='lat' dir='ltr'><strong>acuminatae‚</strong></span> <span class='ocrx_word' id='word_1_180' title='bbox 683 1926 801 1981; x_wconf 87' lang='lat' dir='ltr'><strong>apice</strong></span> <span class='ocrx_word' id='word_1_181' title='bbox 829 1925 983 1980; x_wconf 81' lang='lat' dir='ltr'><strong>nigrae,</strong></span> <span class='ocrx_word' id='word_1_182' title='bbox 1012 1925 1109 1981; x_wconf 90' lang='lat' dir='ltr'><strong>pilis</strong></span> <span class='ocrx_word' id='word_1_183' title='bbox 1138 1925 1342 1980; x_wconf 84' lang='lat' dir='ltr'><strong>elongatis</strong></span> <span class='ocrx_word' id='word_1_184' title='bbox 1379 1925 1562 1965; x_wconf 84' lang='lat' dir='ltr'><strong>breviter</strong></span> <span class='ocrx_word' id='word_1_185' title='bbox 1600 1924 1891 1980; x_wconf 86' lang='lat' dir='ltr'><strong>penicillatae,</strong></span> <span class='ocrx_word' id='word_1_186' title='bbox 1930 1937 2049 1965; x_wconf 80' lang='lat' dir='ltr'><strong>extus</strong></span> 
     </span>
     <span class='ocr_line' id='line_1_23' title="bbox 384 1999 2049 2056; baseline -0.001 -15"><span class='ocrx_word' id='word_1_187' title='bbox 384 2003 508 2048; x_wconf 86' lang='lat' dir='ltr'><strong>rufae,</strong></span> <span class='ocrx_word' id='word_1_188' title='bbox 536 2000 733 2041; x_wconf 86' lang='lat' dir='ltr'><strong>interiore</strong></span> <span class='ocrx_word' id='word_1_189' title='bbox 763 2016 865 2040; x_wconf 88' lang='lat' dir='ltr'><strong>cavo</strong></span> <span class='ocrx_word' id='word_1_190' title='bbox 893 2000 989 2055; x_wconf 85' lang='lat' dir='ltr'><strong>pilis</strong></span> <span class='ocrx_word' id='word_1_191' title='bbox 1017 2000 1186 2055; x_wconf 86' lang='lat' dir='ltr'><strong>pallidis</strong></span> <span class='ocrx_word' id='word_1_192' title='bbox 1215 2003 1473 2041; x_wconf 87' lang='lat' dir='ltr'><strong>obumbrato.</strong></span> <span class='ocrx_word' id='word_1_193' title='bbox 1506 2026 1554 2031; x_wconf 97' lang='lat'><strong>—</strong></span> <span class='ocrx_word' id='word_1_194' title='bbox 1584 2001 1741 2056; x_wconf 79' lang='lat' dir='ltr'><strong>Corpus</strong></span> <span class='ocrx_word' id='word_1_195' title='bbox 1768 1999 1943 2055; x_wconf 80' lang='lat' dir='ltr'><strong>gracile3</strong></span> <span class='ocrx_word' id='word_1_196' title='bbox 1973 2001 2049 2040; x_wconf 83' lang='lat' dir='ltr'><strong>Ar-</strong></span> 
     </span>
     <span class='ocr_line' id='line_1_24' title="bbox 384 2074 2048 2132; baseline -0.002 -15"><span class='ocrx_word' id='word_1_197' title='bbox 384 2088 445 2117; x_wconf 70' lang='lat' dir='ltr'><strong>cus</strong></span> <span class='ocrx_word' id='word_1_198' title='bbox 472 2076 653 2132; x_wconf 85' lang='lat' dir='ltr'><strong>proceri,</strong></span> <span class='ocrx_word' id='word_1_199' title='bbox 682 2087 839 2121; x_wconf 82' lang='lat' dir='ltr'><strong>tenues,</strong></span> <span class='ocrx_word' id='word_1_200' title='bbox 858 2078 1027 2128; x_wconf 80' lang='lat' dir='ltr'><strong>falculis</strong></span> <span class='ocrx_word' id='word_1_201' title='bbox 1066 2075 1571 2117; x_wconf 78' lang='lat' dir='ltr'><strong>corneo-lutescentibus.</strong></span> <span class='ocrx_word' id='word_1_202' title='bbox 1638 2076 1779 2115; x_wconf 77' lang='lat' dir='ltr'><strong>Callus</strong></span> <span class='ocrx_word' id='word_1_203' title='bbox 1820 2074 1863 2114; x_wconf 90' lang='lat' dir='ltr'><strong>in</strong></span> <span class='ocrx_word' id='word_1_204' title='bbox 1901 2074 2048 2115; x_wconf 88' lang='lat' dir='ltr'><strong>anticis</strong></span> 
     </span>
     <span class='ocr_line' id='line_1_25' title="bbox 385 2149 2049 2206; baseline -0.002 -16"><span class='ocrx_word' id='word_1_205' title='bbox 385 2152 558 2206; x_wconf 81' lang='lat' dir='ltr'><strong>pedibus</strong></span> <span class='ocrx_word' id='word_1_206' title='bbox 587 2150 745 2205; x_wconf 82' lang='lat' dir='ltr'><strong>postice</strong></span> <span class='ocrx_word' id='word_1_207' title='bbox 776 2151 826 2189; x_wconf 86' lang='lat' dir='ltr'><strong>ad</strong></span> <span class='ocrx_word' id='word_1_208' title='bbox 855 2165 1047 2206; x_wconf 83' lang='lat' dir='ltr'><strong>carpum,</strong></span> <span class='ocrx_word' id='word_1_209' title='bbox 1084 2151 1292 2206; x_wconf 86' lang='lat' dir='ltr'><strong>pauloque</strong></span> <span class='ocrx_word' id='word_1_210' title='bbox 1327 2150 1510 2191; x_wconf 83' lang='lat' dir='ltr'><strong>exterius</strong></span> <span class='ocrx_word' id='word_1_211' title='bbox 1543 2149 1868 2197; x_wconf 84' lang='lat' dir='ltr'><strong>verrucif0rmis,</strong></span> <span class='ocrx_word' id='word_1_212' title='bbox 1906 2150 2049 2195; x_wconf 83' lang='lat' dir='ltr'><strong>nudus,</strong></span> 
     </span>
     <span class='ocr_line' id='line_1_26' title="bbox 384 2223 2048 2282; baseline -0.001 -20"><span class='ocrx_word' id='word_1_213' title='bbox 384 2224 793 2277; x_wconf 81' lang='lat' dir='ltr'><strong>prominentissimus.</strong></span> <span class='ocrx_word' id='word_1_214' title='bbox 861 2226 1016 2277; x_wconf 78' lang='lat' dir='ltr'><strong>Unguis</strong></span> <span class='ocrx_word' id='word_1_215' title='bbox 1053 2226 1263 2280; x_wconf 83' lang='lat' dir='ltr'><strong>pollicaris</strong></span> <span class='ocrx_word' id='word_1_216' title='bbox 1298 2227 1528 2282; x_wconf 86' lang='lat' dir='ltr'><strong>palmarum</strong></span> <span class='ocrx_word' id='word_1_217' title='bbox 1568 2225 1731 2281; x_wconf 86' lang='lat' dir='ltr'><strong>penitus</strong></span> <span class='ocrx_word' id='word_1_218' title='bbox 1772 2224 1816 2264; x_wconf 88' lang='lat' dir='ltr'><strong>in</strong></span> <span class='ocrx_word' id='word_1_219' title='bbox 1858 2223 2048 2276; x_wconf 81' lang='lat' dir='ltr'><strong>vaginam</strong></span> 
     </span>
     <span class='ocr_line' id='line_1_27' title="bbox 386 2297 2048 2356; baseline -0.001 -20"><span class='ocrx_word' id='word_1_220' title='bbox 386 2299 616 2338; x_wconf 75' lang='lat' dir='ltr'><strong>retractilis.</strong></span> <span class='ocrx_word' id='word_1_221' title='bbox 671 2299 837 2338; x_wconf 83' lang='lat' dir='ltr'><strong>Palmae</strong></span> <span class='ocrx_word' id='word_1_222' title='bbox 866 2298 1005 2336; x_wconf 83' lang='lat' dir='ltr'><strong>subtus</strong></span> <span class='ocrx_word' id='word_1_223' title='bbox 1034 2299 1188 2352; x_wconf 80' lang='lat' dir='ltr'><strong>nigrae,</strong></span> <span class='ocrx_word' id='word_1_224' title='bbox 1217 2302 1261 2340; x_wconf 87' lang='lat' dir='ltr'><strong>in</strong></span> <span class='ocrx_word' id='word_1_225' title='bbox 1291 2300 1442 2356; x_wconf 86' lang='lat' dir='ltr'><strong>plantis</strong></span> <span class='ocrx_word' id='word_1_226' title='bbox 1480 2310 1631 2339; x_wconf 84' lang='lat' dir='ltr'><strong>tractus</strong></span> <span class='ocrx_word' id='word_1_227' title='bbox 1669 2316 1691 2340; x_wconf 87' lang='lat' dir='ltr'><strong>a</strong></span> <span class='ocrx_word' id='word_1_228' title='bbox 1729 2297 1870 2351; x_wconf 81' lang='lat' dir='ltr'><strong>digitis</strong></span> <span class='ocrx_word' id='word_1_229' title='bbox 1910 2312 2048 2336; x_wconf 85' lang='lat' dir='ltr'><strong>versus</strong></span> 
     </span>
    </p>
   </div>
   <div class='ocr_carea' id='block_1_5' title="bbox 387 2371 2048 2428">
    <p class='ocr_par' dir='ltr' id='par_1_5' title="bbox 387 2371 2048 2428">
     <span class='ocr_line' id='line_1_28' title="bbox 387 2371 2048 2428; baseline -0.001 -16"><span class='ocrx_word' id='word_1_230' title='bbox 387 2373 625 2412; x_wconf 84' lang='lat' dir='ltr'><strong>calcaneum</strong></span> <span class='ocrx_word' id='word_1_231' title='bbox 654 2372 782 2426; x_wconf 84' lang='lat' dir='ltr'><strong>niger,</strong></span> <span class='ocrx_word' id='word_1_232' title='bbox 813 2372 910 2428; x_wconf 85' lang='lat' dir='ltr'><strong>pilis</strong></span> <span class='ocrx_word' id='word_1_233' title='bbox 941 2372 1199 2414; x_wconf 82' lang='lat' dir='ltr'><strong>densioribus</strong></span> <span class='ocrx_word' id='word_1_234' title='bbox 1231 2372 1406 2414; x_wconf 84' lang='lat' dir='ltr'><strong>reversis</strong></span> <span class='ocrx_word' id='word_1_235' title='bbox 1431 2386 1477 2414; x_wconf 91' lang='lat' dir='ltr'><strong>ut</strong></span> <span class='ocrx_word' id='word_1_236' title='bbox 1503 2374 1546 2414; x_wconf 92' lang='lat' dir='ltr'><strong>in</strong></span> <span class='ocrx_word' id='word_1_237' title='bbox 1576 2379 1753 2428; x_wconf 85' lang='lat' dir='ltr'><strong>Lepore,</strong></span> <span class='ocrx_word' id='word_1_238' title='bbox 1798 2387 1935 2412; x_wconf 89' lang='lat' dir='ltr'><strong>versus</strong></span> <span class='ocrx_word' id='word_1_239' title='bbox 1969 2371 2048 2411; x_wconf 87' lang='lat' dir='ltr'><strong>cal-</strong></span> 
     </span>
    </p>
   </div>
  </div>
 </body>
</html>
