2196 2927
399 189 483 220 112
1156 185 1302 211 Ε

754 308 847 358 41.
945 297 1267 343 PHOCA
1354 299 1708 344 dorsata.

507 399 550 435 P.
582 392 718 449 capite
747 392 1043 441 inauriculato‚
1087 390 1237 448 palmis
1277 389 1600 447 pinniformibus
1640 389 1937 445 unguiculatis,
1981 405 2069 432 cor-

400 485 500 526 pore
529 470 780 518 lutescente,
824 467 996 507 maculis
1024 466 1135 507 binis
1165 468 1330 507 dorsum
1358 465 1669 506 includentibus
1698 464 2069 520 brunneo-nigris.

613 558 753 600 Phoca
783 557 1095 613 groenlandica,
1127 558 1296 598 Gmelin.
1326 566 1429 610 syst.
1459 558 1547 596 Lin.
1577 558 1610 596 Ι.
1642 572 1681 612 ρ.
1713 562 1778 605 64.
1806 571 1866 612 sp.
1898 563 1936 596 6.

614 638 875 695 Harp-seal,
906 639 1099 679 Pennant.
1128 653 1220 692 syn.
1250 654 1290 693 p.
1315 648 1357 678 et
1379 638 1462 678 tab.
1487 644 1578 683 525.
1610 653 1647 677 η.
1665 644 1757 679 585.
1787 638 1903 679 ΖοοΖ.
1921 647 2019 678 aret.
2036 638 2070 678 I.

668 731 707 770 p.
744 721 829 755 163.
860 728 898 753 η.
928 729 992 766 77.

616 796 857 843 Attarsoak,
888 796 1020 834 Cranz
1045 797 1200 848 groenl.
1231 809 1271 848 p.
1308 800 1394 834 163.

616 876 755 917 Phoca
796 873 1011 922 oceanica‚
1057 875 1267 928 Lepechin.
1313 875 1407 914 Act.
1451 875 1610 930 Petrop.
1653 876 1686 915 I.
1723 891 1763 930 p.
1795 881 1887 926 259.
1917 874 2001 915 tab.
2035 879 2072 915 6.

672 951 830 998 adulta,
863 966 900 1002 7.
931 948 1080 1004 junior.

511 1041 652 1082 Rossis
683 1043 735 1082 ad
764 1055 876 1081 mare
916 1040 1055 1080 album
1084 1050 1126 1080 et
1155 1037 1199 1079 in
1229 1036 1524 1080 Camtschatka
1554 1039 1680 1094 vulgo
1709 1039 1917 1094 Krylatha
1960 1036 2008 1091 (i.
2038 1052 2076 1079 e.

564 1117 704 1168 alata).

510 1190 693 1230 Lamutis
722 1190 872 1244 Larga.
931 1188 1124 1229 Coraecis
1153 1189 1302 1242 Sysgh.

511 1262 842 1304 Camtsehadalis
870 1264 912 1302 N
910 1265 1081 1317 ykulgu.

513 1336 668 1378 Curilis
697 1339 932 1378 Siantordsi.

542 1414 751 1466 Frequens
780 1413 823 1452 in
852 1411 955 1452 mari
985 1413 1080 1452 albo
1117 1422 1159 1451 et
1195 1425 1351 1451 oceano
1393 1411 1651 1466 Lapponiam
1693 1412 1874 1453 alluente
1903 1409 2078 1467 capitur,

405 1497 447 1530 et
475 1487 520 1528 in
557 1486 661 1527 mari
691 1486 999 1527 Camtschatico
1028 1485 1269 1541 praesertim
1310 1486 1420 1526 circa
1459 1487 1634 1527 Olutora
1662 1488 1922 1536 observatur,
1965 1487 2081 1527 inde-

406 1577 486 1616 que
515 1576 653 1601 versus
682 1561 881 1601 arcticum
910 1562 1059 1600 fretum
1096 1560 1248 1614 passim
1289 1559 1466 1600 habitat.
1538 1561 1663 1602 Coria
1705 1563 1757 1602 ad
1798 1562 1887 1603 lora
1926 1560 2081 1617 pariter

405 1635 625 1676 utilissima
662 1646 774 1685 sunt,
816 1635 1001 1690 itemque
1031 1635 1081 1674 ad
1110 1634 1352 1675 calceandas
1379 1634 1517 1675 trahas
1545 1646 1589 1676 et
1615 1636 1871 1692 subpedalia.
1943 1637 2082 1677 Catuli.

408 1727 430 1751 a
461 1711 711 1766 reliquarum
740 1710 971 1766 specierum
1001 1709 1147 1750 catulis
1176 1709 1299 1764 longe
1329 1709 1540 1751 differunt.
1611 1711 1845 1752 Adscendit
1865 1710 1969 1751 haec
1994 1723 2081 1765 spe·

408 1786 494 1827 cies
524 1786 651 1827 etiarn
680 1785 848 1827 flumina
877 1797 919 1826 et
946 1785 1080 1841 pisces
1110 1786 1352 1825 anadromos
1387 1796 1578 1825 sectatur.

543 1939 713 1980 Descr.
783 1940 1028 1994 Magnitudo
1070 1938 1194 1994 paulo
1235 1952 1354 1992 supra
1396 1937 1471 1979 Ph.
1515 1939 1767 1993 albigenam‚
1824 1948 1868 1978 et
1907 1951 2079 1992 corpore

410 2011 517 2054 circa
543 2011 736 2055 humeros
764 2013 956 2063 crassior,
1002 2013 1137 2053 minus
1172 2024 1312 2052 tamen
1342 2028 1464 2067 quam
1507 2013 1582 2054 Ph.
1614 2018 1774 2054 canina.
1843 2014 1994 2053 Dentes
2035 2021 2081 2051 ut

409 2089 452 2128 in
482 2088 585 2138 hac,
614 2089 694 2129 nisi
723 2088 858 2129 adhuc
888 2088 1068 2129 minores
1099 2087 1239 2128 canini
1267 2099 1308 2128 et
1330 2093 1518 2129 incisores
1545 2088 1668 2128 inferi
1696 2091 1796 2142 (IV)
1840 2086 2080 2142 aequalibus

409 2163 638 2204 intervallis
669 2163 882 2204 distantes.
914 2151 916 2153 ‚
952 2166 1087 2219 Caput
1115 2174 1161 2203 ut
1188 2174 1230 2203 et
1257 2164 1419 2219 palmae
1449 2163 1697 2219 plantaeque
1739 2162 1863 2218 paulo
1907 2161 2079 2209 minora,

409 2255 531 2294 quam
576 2237 651 2279 Ph.
696 2243 875 2278 caninae.
957 2239 1102 2279 cauda
1143 2240 1551 2295 depresso-anceps,
1597 2238 1714 2294 apice
1756 2236 2078 2293 plagio-platea.

411 2314 575 2354 Palmae
605 2312 853 2367 majusculae
882 2312 1174 2367 pinniformes,
1217 2329 1287 2354 seu
1315 2313 1786 2367 triangulari-lunatae,
1828 2313 1971 2364 digitis
2012 2322 2081 2347 ex-

412 2397 588 2429 trorsum
615 2388 768 2429 sensim
798 2386 1067 2443 longioribUS,
1095 2390 1295 2444 unguibus
1322 2388 1557 2442 majusculis
1586 2387 1892 2437 terminalibus,
1924 2383 2081 2439 pellem
