2196 2927
415 225 502 274 με
1174 229 1318 253 ——--—

937 331 1026 382 IX.
1110 326 1575 379 STURNI.

548 464 791 502 sturnorum
820 471 946 513 genus
976 458 1020 499 in
1050 460 1241 500 omnibus
1272 459 1390 499 terris
1420 459 1595 500 minime
1625 473 1887 500 numerosum
1915 469 1977 499 est
2004 473 2089 514 spe-

412 538 572 587 ciebus,
605 548 785 577 attamen
815 536 922 575 bene
953 534 1214 584 distinctum,
1248 536 1368 575 affine
1400 537 1542 576 Corvis
1570 550 1644 590 per
1675 536 2017 590 Caryocatactem
2046 545 2086 573 et

413 614 659 662 Graculum,
690 611 812 650 affine
846 612 1012 659 Turdis,
1059 610 1166 650 nulli
1195 622 1332 650 minen
1365 610 1506 665 generi
1548 610 1679 664 magis
1721 626 1844 666 quam
1887 611 2088 657 Graculi.s·‚

411 704 583 744 quarum
615 687 793 742 aliquas,
823 700 916 725 cum
946 685 1119 725 Merulis
1148 686 1345 726 Brissonii
1372 685 1518 733 variis,
1549 686 1708 726 Sturnis
1739 685 1836 726 addi
1858 699 1976 741 posse
1999 699 2093 724 eum

410 765 738 809 Edwardsio,
769 760 1060 815 expertissimo
1093 773 1290 814 generum
1318 761 1569 801 naturalium
1598 761 1642 801 in
1665 761 1808 801 avibus
1835 760 2092 815 indagatore,

412 839 561 879 sentio.
635 842 778 892 Itaque
808 835 1052 875 nostratium
1091 850 1255 890 quoque
1285 835 1424 875 avium
1454 851 1600 882 unam,
1641 851 1746 889 quae
1776 838 1961 876 oraculis
1990 837 2094 874 Lin-

411 919 524 954 naei
554 911 813 954 adnumerari
842 910 1066 966 potuisset,
1096 909 1195 950 huic
1225 926 1388 966 quoque
1419 911 1561 965 generi
1593 912 1794 960 subjicere
1832 911 1965 950 visum
2008 920 2093 956 est;

413 1001 454 1029 at
488 989 668 1029 Turdam
697 1003 854 1028 roseum
883 988 1134 1032 Auctorurn,
1172 1001 1296 1041 quem
1326 986 1540 1026 multoties
1571 998 1611 1026 et
1642 986 1785 1027 vivum
1817 997 1858 1026 et
1888 996 2097 1025 mortuum

411 1062 650 1104 examinare
681 1062 823 1109 licuit,
865 1060 1057 1102 omnibus
1088 1060 1416 1110 characteribus,
1461 1061 1523 1101 uti
1551 1061 1754 1111 moribus,
1802 1063 1953 1100 Sturno
1983 1073 2095 1099 euro-

411 1153 518 1195 paeo
549 1137 922 1192 consanguineum,
967 1148 1009 1177 et
1051 1152 1073 1176 a
1114 1136 1266 1176 Turdis
1310 1136 1492 1177 alienum
1522 1151 1609 1178 esse
1638 1138 1895 1178 confidenter
1924 1135 2095 1175 affirmo.

413 1214 573 1254 Invitus
604 1212 734 1267 magis
763 1214 933 1260 eodem,
966 1214 1071 1253 duce
1101 1214 1325 1252 Limnaeo
1354 1212 1479 1252 retuli
1509 1215 1716 1258 Cinclum,
1756 1209 1985 1251 Motacillis
2014 1223 2096 1248 ma-

413 1289 474 1343 gis
493 1289 678 1337 affinem,
712 1288 860 1342 quibus
884 1298 926 1327 et
951 1303 972 1326 a
1002 1289 1228 1326 Llnnaeo
1259 1288 1487 1341 quondam,
1519 1298 1561 1326 et
1585 1303 1606 1326 a
1637 1289 1886 1331 Cramero,
1917 1286 2097 1338 Scope-

414 1368 430 1405 l
441 1369 587 1419 ioque
619 1366 675 1416 (ἡ)
706 1378 788 1402 non
819 1362 907 1402 sine
938 1360 1043 1401 recti
1073 1360 1213 1416 specie
1258 1361 1420 1401 additus
1464 1361 1561 1409 fuit3
1604 1363 1856 1415 eosdemque
1887 1370 2097 1399 secuturus

413 1452 547 1485 eram,
591 1438 672 1478 nisi
711 1438 869 1477 alienus
905 1435 1072 1476 habitus
1103 1435 1341 1490 ambiguam
1371 1451 1509 1487 avem,
1554 1436 1712 1478 Sturnis
1742 1435 1854 1476 haud
1885 1434 2019 1474 minus
2048 1432 2099 1473 si-

412 1512 561 1554 milem
591 1512 854 1554 ostendisset.

788 1592 868 1632 70.
920 1582 987 1623 r-rS
1016 1580 1059 1624 T
1089 1582 1130 1624 U
1158 1583 1196 1625 R
1225 1583 1263 1624 N
1292 1584 1332 1626 U
1361 1584 1387 1625 S
1462 1584 1727 1640 uulgaris.

547 1654 586 1693 S.
618 1663 751 1693 rostro
781 1653 1077 1706 subangulatO,
1106 1669 1277 1709 corpore
1308 1654 1651 1710 sericeo-nigro,
1688 1652 1853 1709 punctis
1884 1652 2002 1692 albis.

628 1730 800 1767 Sturnus
838 1738 1072 1777 auctorum,
1123 1729 1341 1783 Willughb.
1387 1731 1529 1770 ornith.
1576 1746 1615 1785 p.
1654 1738 1739 1778 144.
1785 1729 1868 1768 tab.
1900 1733 1963 1778 37.
2006 1725 2097 1765 Jon-

686 1813 790 1842 ston.
823 1818 886 1842 αυ.
918 1802 1002 1842 tab.
1031 1812 1097 1851 4ο.
1127 1804 1250 1843 bona.
1296 1806 1386 1860 Raj.
1417 1819 1508 1858 syn.
1541 1820 1605 1844 av.
1636 1820 1675 1858 p.
1708 1810 1771 1854 67.
1803 1818 1841 1841 η.
1879 1819 1911 1841 1.
1954 1800 2095 1840 Albin.

686 1892 751 1916 av.
782 1878 814 1916 Ι.
859 1876 942 1915 tab.
973 1885 1038 1926 4ο.
1082 1877 1234 1917 Frisch.
1277 1894 1341 1918 av.
1386 1879 1469 1918 tab.
1503 1895 1594 1930 217.
1645 1878 1824 1917 Brisson.
1867 1878 2011 1916 ornith.
2042 1876 2097 1913 ΙΙ.

684 1968 782 2005 pag.
814 1958 906 2002 439.
937 1966 998 2004 sp.
1028 1970 1059 1990 1.
1090 1953 1371 1993 D’Aubenton.
1401 1958 1504 1994 icon.
1534 1957 1611 1994 col.
1642 1969 1679 1992 η.
1713 1960 1778 2006 75.
1806 1953 1895 1991 Lin.
1925 1960 2029 2004 syst.
2065 1967 2097 1988 1.

683 2043 779 2082 pag.
812 2043 904 2077 290.
932 2042 993 2081 Sp.
1023 2027 1251 2068 D'Aubent.
1283 2034 1385 2068 icon.
1416 2029 1499 2068 tab.
1530 2036 1595 2081 75.

519 2103 661 2145 Rossis
708 2103 913 2143 Skvoretz.
971 2101 1134 2141 Tataris
1174 2104 1427 2149 Siertschak5
1471 2104 1709 2146 Baschkiris
1736 2104 2093 2154 Joezkese-eurgai

579 2182 736 2234 (passer
766 2177 981 2232 equi11us);
1013 2176 1188 2232 Kirgisis
1217 2181 1510 2234 Kara-turgai
1540 2183 1696 2235 (passer
1726 2180 1885 2235 niger);
1935 2174 2091 2217 Bocha-

576 2254 632 2294 ris
661 2253 1025 2294 Karabachtschai.
1078 2253 1319 2294 Morduanis
1342 2256 1496 2295 Psmar.
1558 2255 1792 2299 Calmuccis
1826 2252 2091 2296 Ukherwha-

576 2329 624 2369 rh
652 2340 695 2369 et
722 2329 859 2368 Βόνὶη.
918 2328 1122 2383 Tungusis
1155 2329 1461 2384 Tschirgihfky.

483 2439 536 2483 (*)
562 2439 692 2476 Elencb.
722 2442 816 2478 anim.
842 2441 995 2477 Austriae
1021 2453 1054 2488 p.
1087 2451 1164 2490 374.
1194 2442 1319 2487 Scopoli
1345 2454 1396 2477 an.
1427 2443 1500 2478 hist.
1528 2450 1593 2478 nat.
1622 2442 1651 2478 Ι.
1677 2453 1713 2487 p.
1741 2450 1814 2488 152.
