2196 2927
894 209 1038 234 π
1719 214 1805 256 302„

269 311 312 351 N
322 321 405 353 ota
436 327 472 351 ε.
531 310 778 352 Vari-etatem
817 316 859 359 β.
905 312 1125 361 majorem,
1166 311 1455 353 candicantem
1498 313 1719 369 aliquoties
1762 314 1805 355 in

136 385 288 426 Sibiria
318 387 533 441 frigidiore
564 385 717 440 hyeme
747 383 858 430 vidi,
887 383 1203 424 verosimillime
1235 387 1451 435 arcticam,
1482 390 1611 430 semel
1642 391 1693 430 ad
1722 393 1804 431 Iset

129 462 224 502 fluv.
261 461 358 502 dein
388 460 578 508 Tobolii‚
616 460 785 499 tandem
815 469 856 498 et
885 472 907 498 e
938 458 1105 512 regione
1134 460 1268 514 polari
1299 462 1500 513 adlatam,
1544 481 1668 520 quam
1697 468 1802 507 Lin-

129 542 247 577 naei
275 539 466 590 Strygem
494 535 756 575 scandiacam
786 549 872 574 esse
903 534 1038 574 nullus
1068 533 1230 574 dubito.
1301 538 1455 576 Harum
1498 540 1601 579 duae
1643 543 1803 595 pondus

128 612 275 652 decem
305 611 501 651 librarum
530 620 813 657 excesserunt,
856 625 951 650 cum
989 610 1168 665 vulgaris
1198 609 1350 650 iisdem
1379 611 1423 651 in
1452 613 1689 668 regionibus
1718 617 1803 671 ple-

126 700 297 741 rumque
326 700 476 726 novem
505 685 623 724 libris
650 685 705 725 sit
734 685 882 726 minor.
953 687 1075 727 Color
1112 686 1337 726 admodum
1382 687 1565 735 albidus,
1606 689 1650 729 in
1681 691 1801 731 dorso

128 761 199 800 vix
228 762 452 807 latescens,
490 759 624 800 lituris
655 760 904 815 undulisque
933 773 978 801 ut
1007 761 1051 801 in
1082 761 1242 816 vulgari
1272 761 1463 816 quidem,
1507 765 1580 803 sed
1610 764 1797 806 subtilio-

122 835 232 876 ribus
261 847 304 875 et
334 835 575 884 rarioribus,
608 835 863 890 dilutiorque
893 848 992 877 tota.

255 912 390 951 Nota
421 918 457 951 3.
516 911 723 951 Bubonem
752 916 1023 964 virginianum
1051 912 1330 953 Edwardsi
1360 916 1442 967 (av.
1468 915 1521 954 II.
1552 930 1591 970 p.
1616 915 1699 956 tab.
1725 919 1796 968 60)

120 986 276 1025 nollem
305 1001 379 1041 pro
410 986 591 1026 Bubonis
622 986 823 1026 varietate
851 985 1025 1034 habere,
1058 998 1101 1026 ut
1125 988 1214 1026 vult
1236 989 1380 1029 Comes
1407 991 1615 1042 Buffon,
1645 990 1689 1030 in
1719 991 1796 1032 Or·

118 1059 354 1116 nithologia
384 1061 509 1101 nimis
539 1061 836 1116 compendium
879 1061 1110 1118 specierum
1139 1079 1299 1114 amans,
1342 1064 1509 1105 illarum
1536 1065 1796 1121 praesertim,

117 1149 216 1189 quas
246 1135 334 1191 ipse
365 1151 504 1176 coram
534 1151 617 1176 non
647 1135 769 1176 vidit.

252 1212 385 1251 Nota
414 1220 452 1261 4.
523 1211 639 1251 Bubo
666 1212 991 1252 Aldrovandz·
1035 1214 1202 1264 pedibus
1231 1215 1366 1264 nudis,
1411 1214 1608 1255 distincta
1636 1215 1794 1271 pariter

115 1284 224 1326 mihi
251 1285 410 1341 species
438 1285 622 1336 videtur,
658 1291 774 1338 cujus
804 1286 848 1326 in
878 1287 1087 1341 Hercynia
1117 1299 1261 1343 captae
1291 1289 1394 1329 olim
1424 1289 1673 1344 Goettingae
1702 1289 1794 1331 vidi

115 1372 239 1417 caput
268 1377 362 1401 cum
391 1361 582 1416 pedibus.
652 1363 762 1402 Mole
792 1360 863 1402 hic
894 1377 987 1401 cum
1020 1364 1187 1402 Bubone
1218 1375 1369 1412 certat;
1415 1365 1635 1420 longitudo
1665 1370 1793 1407 cranii

114 1451 136 1476 a
166 1451 325 1477 summo
355 1452 463 1477 unco
494 1438 545 1477 ad
574 1436 743 1492 occiput
774 1439 831 1478 δ”.
863 1437 931 1487 9'‘'.
963 1437 1140 1476 latitudo
1172 1439 1354 1479 maxima
1385 1442 1436 1480 ad
1462 1440 1691 1496 marginem
1720 1455 1793 1497 po-

113 1512 262 1550 sticum
289 1511 519 1552 orbitarum
551 1513 607 1551 2''.
646 1518 736 1552 10²²&
794 1514 983 1552 Rostrum
1012 1511 1194 1566 nigrum,
1243 1514 1415 1554 maxilla
1444 1515 1640 1556 inferiore
1670 1515 1792 1570 apice

113 1587 376 1626 subtruncata
405 1597 447 1626 et
475 1586 668 1642 utrinque
698 1587 903 1642 profundo
934 1586 1025 1625 sinu
1054 1586 1207 1628 excisa.
1277 1590 1437 1643 Lingua
1474 1605 1626 1637 crassa,
1669 1589 1789 1645 apice

110 1661 265 1700 biloba.
323 1663 449 1702 Pedes
480 1663 563 1701 fere
594 1677 720 1716 usque
752 1663 803 1702 ad
833 1675 965 1715 genua
1009 1660 1130 1708 nudi;
1179 1662 1302 1702 tibiae
1332 1663 1476 1704 breves
1507 1667 1630 1718 (2²2),
1672 1681 1791 1720 squa-

110 1750 270 1784 mosae,
301 1737 481 1791 squamis
512 1736 738 1791 angulatis,
784 1736 981 1791 lanugine
1011 1751 1172 1792 prorsus
1202 1738 1328 1778 nulla.
1403 1740 1538 1793 Digiti
1566 1740 1791 1795 squamosi,

112 1825 242 1865 aeque
272 1811 393 1861 nudi,
425 1812 566 1852 loricis
600 1812 759 1867 aliquot
788 1811 1004 1851 latioribus
1031 1826 1168 1851 versus
1191 1826 1430 1867 ungues.—
1460 1818 1562 1854 Eam
1590 1829 1688 1854 vero
1717 1813 1791 1869 po-

112 1895 199 1924 stea
227 1902 456 1942 nunquam,
485 1899 528 1927 et
551 1887 595 1927 in
612 1887 783 1928 Rossico
800 1887 982 1943 Imperio
1000 1888 1265 1942 Collegarum
1288 1904 1434 1938 nemo,
1465 1889 1789 1931 observavimus.

592 2018 633 2048 Ω.
682 2006 826 2048 “ST
857 2006 1030 2048 RYX
1119 2005 1318 2049 Otus?

244 2101 283 2139 S.
315 2101 445 2141 aurita
475 2103 589 2142 fulvo
619 2102 849 2156 variegata,
879 2103 1035 2156 remige
1065 2102 1333 2157 sesquialtera
1362 2116 1533 2153 serrata,
1563 2105 1688 2147 litura
1712 2121 1781 2147 an-

112 2186 154 2215 re
181 2176 345 2223 oculos,
376 2175 615 2231 circuloque
645 2177 816 2232 peplum
844 2177 1052 2217 ambiente
1082 2177 1224 2232 nigris.

327 2253 432 2291 Otus
461 2251 740 2301 bubonoides,
771 2253 1092 2292 Messerschmid.
1122 2268 1212 2294 acen.
1243 2255 1364 2295 Isidis
1392 2256 1478 2297 MS.

262 2326 269 2327 7
327 2330 493 2367 Noctua
524 2326 657 2367 minor
686 2326 816 2367 aurita
846 2328 912 2367 vel
943 2330 1090 2384 Scops,
1121 2331 1273 2370 Frisch.
1306 2345 1370 2371 av.
1400 2331 1484 2373 tab.
1516 2338 1588 2384 99!

326 2402 427 2443 Asio
455 2405 631 2443 Brisson.
663 2406 805 2444 ornith.
835 2405 868 2443 I.
899 2420 938 2459 ρ.
967 2411 1060 2455 486.
1095 2420 1155 2460 sp.
1186 2414 1223 2456 4.

1337 2488 1354 2505 8
