2196 2927
402 213 458 260 84
1155 216 1325 240 =·—-———-·

502 313 833 360 Camtschadalis
859 314 1117 370 Hymrehim3
1146 314 1476 356 occidentalibus
1505 315 1765 370 Kymchym;
1796 316 1847 357 ad
1875 318 1942 371 Uk
1971 319 2065 357 fluv.

553 394 820 446 Kymlclzym.

499 475 653 536 Cui-ilis
682 496 906 549 Kytfflzym
933 495 1001 536 vel
1032 495 1178 553 Ojana.
1236 494 1452 550 Tucagiris
1481 497 1704 550 Nogtscha.

503 597 697 639 Armenis
726 600 871 640 Samur
899 600 1030 654 (quod
1062 600 1112 640 ad
1141 603 1294 641 Turcas
1324 615 1419 640 cum
1447 613 1584 641 merce
1614 598 1780 639 transiit
1808 613 1982 649 nomen,
2030 610 2070 639 et

557 688 652 713 cum
679 676 924 715 Tatarorum
974 675 1287 716 Casaniensium
1325 674 1607 731 adpellatione
1651 673 1789 715 Citilli
1831 675 2068 728 coincidit).

528 781 711 838 Sylvosis
741 781 916 823 Sibiriae
953 793 996 822 et
1036 782 1162 823 Asiae
1194 783 1358 824 mediae
1388 781 1577 838 alpestris
1605 782 1838 837 peculiare,
1883 794 1929 823 ut
1957 782 2070 823 vide-

392 868 481 906 tur,
526 856 702 907 animal,
752 858 863 912 quod
893 857 1123 912 frigidioris
1166 859 1346 899 climatis
1374 857 1600 914 patientius
1638 872 1763 912 quam
1793 860 1968 908 Manes,
2014 873 2070 898 as-

394 931 592 986 perrimas
623 931 810 986 regiones
839 931 1079 987 occupavir3
1122 948 1256 988 neque
1294 933 1408 974 enim
1445 944 1559 973 certo
1589 931 1783 972 affirmari
1813 943 1950 987 potest
1978 948 2069 973 ean-

393 1007 490 1046 dem
519 1021 606 1046 esse
635 1006 846 1062 speciem,
890 1011 1004 1061 cujus
1040 1009 1170 1063 pelles
1206 1024 1257 1049 ex
1286 1008 1483 1049 America
1512 1006 1672 1047 boreali
1702 1006 1951 1061 accipimus,
1994 1021 2073 1048 nec

394 1091 505 1120 certe
537 1081 642 1121 citra
671 1083 870 1122 Uralense
899 1085 1041 1137 jugum
1064 1083 1108 1123 in
1124 1084 1255 1138 magis
1270 1081 1602 1124 occidentalibus
1624 1097 1835 1137 nunquam
1850 1081 1930 1122 nisi
1947 1093 2073 1122 trans-

394 1155 508 1209 fuga,
541 1155 746 1196 Zibellina
779 1168 899 1212 capta
929 1169 1002 1198 est.
1062 1161 1177 1212 Quae
1208 1161 1260 1203 de
1291 1157 1474 1197 moribus
1488 1157 1669 1197 dicenda
1692 1167 1849 1204 essent,
1880 1157 2072 1197 evolven-

394 1230 447 1269 da
476 1241 570 1268 sunt
597 1230 641 1269 in
671 1233 980 1285 Spicilegiorum
1007 1232 1138 1272 citato
1168 1232 1403 1280 Fasciculo‚
1446 1231 1519 1272 ubi
1555 1243 1596 1271 et
1632 1230 1729 1271 icon
1758 1242 1799 1271 et
1829 1231 2071 1287 descriptio.

396 1303 565 1345 Clamor
592 1305 678 1344 fere
707 1304 867 1345 Putorii
895 1304 1011 1346 iratis
1021 1324 1030 1354 ;
1059 1306 1234 1346 subinde
1264 1306 1387 1346 Picae
1416 1305 1545 1346 instar
1572 1305 1787 1361 ganniunt.

520 1413 667 1453 Nota.
706 1431 737 1453 1.
795 1416 961 1454 Praeter
989 1418 1140 1456 locales
1169 1417 1394 1455 Varietates
1422 1414 1722 1454 Zibellinarum
1758 1416 1914 1455 vellere
1944 1414 2074 1469 magis

397 1485 584 1526 minusve
613 1487 872 1542 nigrescente
903 1489 1065 1529 nobiles
1095 1501 1137 1529 et
1167 1488 1453 1543 magnitudine
1485 1489 1709 1538 variantes,
1741 1501 1986 1545 praeterque
2009 1505 2073 1530 ac·

396 1562 633 1610 cidentales‚
678 1577 716 1602 v.
748 1576 806 1616 gr.
838 1563 1065 1603 Zibellinas
1104 1563 1266 1612 niveas,
1311 1565 1598 1613 flavescentes,
1641 1563 1729 1603 imo
1770 1564 2072 1615 fulvo-luteas,

395 1636 648 1676 crediderim
678 1637 843 1676 affinem
872 1636 1008 1678 adhuc
1038 1637 1222 1693 speciem
1250 1637 1294 1678 in
1323 1637 1523 1679 interiore
1545 1637 1646 1678 Asia
1668 1638 1816 1688 latere,
1849 1643 1962 1694 cujus
1989 1640 2075 1695 pel-

397 1710 457 1750 les
494 1725 588 1750 cum
625 1711 833 1751 Zibellina
869 1712 1067 1753 confundi
1107 1714 1259 1762 solent,
1304 1728 1481 1769 quacum
1510 1728 1713 1753 summam
1741 1712 1919 1764 habent,
1961 1726 2006 1755 ut
2035 1727 2076 1755 et

397 1800 494 1826 cum
535 1789 669 1826 Marte
714 1785 1049 1828 similitudinem.
1120 1791 1185 1828 De
1215 1787 1298 1828 hoc
1327 1787 1499 1828 animali
1540 1787 1844 1843 intelligendae
1880 1788 2075 1830 videntur

399 1856 642 1900 ‘venatorum
671 1861 911 1911 relationes,
956 1878 1061 1918 quae
1091 1862 1136 1903 in
1164 1862 1309 1903 insulis
1338 1865 1391 1904 ad
1418 1862 1572 1903 ostium
1599 1862 1717 1903 fluvii
1749 1862 1837 1904 Uth
1867 1863 1911 1903 in
1941 1865 2074 1905 orien-

399 1930 475 1975 'tali
517 1935 687 1976 Oceano
727 1936 817 1976 sitis
858 1948 901 1977 et
941 1937 985 1978 in
1022 1953 1170 1994 magna
1198 1938 1334 1979 insula
1363 1937 1556 1994 Sagalien
1586 1939 1638 1979 ad
1666 1937 1835 1978 Amuris
1864 1939 1991 1989 ostia,
2024 1938 2073 1980 si-

399 2011 486 2050 mul
514 2014 667 2050 Martes
698 2022 739 2052 et
768 2011 995 2053 Zibellinas
1025 2014 1119 2070 capi
1154 2013 1394 2069 perhibent.

508 2143 562 2151 ›—
578 2136 613 2158 2.
630 2122 693 2158 Ex
708 2120 930 2162 Americae
946 2121 1178 2178 aquilonari
1194 2124 1314 2179 plaga
1337 2138 1412 2179 per
1434 2133 1602 2179 gentem
1629 2122 2008 2165 Tschuktschicam
2024 2123 2074 2164 ad

402 2207 474 2233 nos
502 2194 685 2249 perlatae
712 2209 734 2234 e
757 2197 939 2250 pellibus
959 2210 1154 2239 consutae
1170 2208 1303 2240 vestes
1318 2199 1554 2240 identidem
1569 2199 1723 2240 animal
1739 2198 1972 2240 Zibellinae
1987 2213 2074 2254 per-

404 2282 527 2321 quam
550 2268 686 2308 simile
710 2268 897 2309 indicant
911 2301 921 2319 ‚
952 2273 1024 2311 sed
1047 2273 1129 2312 nisi
1144 2275 1265 2315 fallor
1288 2276 1497 2316 d1versum
1512 2273 1665 2330 specie.
1722 2276 1850 2316 Pelles
1863 2274 1966 2314 istae
1982 2286 2076 2313 cum

404 2342 581 2396 pedibus
609 2355 651 2382 et
678 2344 820 2384 caudis
849 2355 1064 2395 consutae,
1108 2349 1309 2390 maximas
1344 2350 1541 2390 Sibiricas
1570 2349 1796 2390 Zibellinas
1832 2349 2074 2403 plerumque

409 2428 586 2471 aequant
614 2429 656 2458 et
684 2418 884 2460 differunt
911 2420 956 2461 in
985 2434 1134 2476 genere
1163 2435 1373 2475 castanea,
1416 2425 1748 2465 subfulvescente
1776 2422 1943 2463 velleris
1971 2422 2073 2462 tim:⁴
