2196 2927
385 169 473 221 346
1141 168 1288 201 '⁵-==

382 279 440 320 sia
471 290 511 320 et
541 290 703 332 semper
730 289 805 331 per
833 274 948 331 paria
977 276 1132 316 volant.
1191 274 1383 316 Pruriunt
1421 276 1493 316 sub
1539 277 1662 315 finem
1701 276 1844 316 Martii
1889 289 1931 318 et
1972 279 2057 319 ine-

379 367 476 395 unte
519 352 685 408 Aprili,
730 352 773 391 in
817 352 1007 391 excelsae
1051 350 1206 392 arboris
1257 351 1471 392 cacumine
1516 366 1705 399 summo,
1747 367 1831 391 non
1871 353 1993 408 longe
2037 370 2058 394 a

379 430 498 478 nido,
543 443 667 483 quem
710 426 929 481 quotannis
959 426 1112 482 repetit
1132 458 1143 474 ,
1181 427 1312 467 multo
1342 442 1435 467 cum
1466 427 1662 467 clamore.
1741 428 1833 468 Vox
1877 430 2059 482 querula,

379 506 524 545 crebro
555 502 836 551 exaudienda,
883 502 999 557 quasi
1036 503 1331 557 Gallopavonis
1362 502 1541 542 Feminae
1585 502 1769 549 aemula,
1813 502 2059 558 clangosior.

378 582 478 620 Nzcli
508 579 733 620 constructi
765 593 786 617 c
817 578 990 617 fustibus
1021 577 1065 616 in
1096 578 1296 619 circulum
1326 578 1563 618 decussatis.
1628 577 1714 618 Ubi
1743 577 1848 618 haec
1879 577 2060 618 maxime

380 657 562 696 abundat
592 654 771 710 species,
812 653 1050 705 Ossifiagae
1079 653 1320 707 parcissime
1353 653 1518 702 vivunt,
1561 655 1748 708 adeoque
1778 654 1892 693 nulla
1921 653 1965 692 in
1996 652 2061 693 his

380 746 492 787 spes,
535 742 579 769 ut
608 731 743 784 pullos
773 728 993 767 Albicillae
1024 726 1159 767 adhuc
1203 728 1455 783 impotentes
1499 745 1520 768 a
1563 728 1802 784 parentibus
1850 728 2061 782 neglcctos

379 806 583 852 nutriant,
614 805 675 844 uti
698 803 903 843 fabulatur
932 802 1246 843 Aristoteles
1275 815 1316 842 et
1340 805 1595 843 confidenter
1618 804 1713 843 satis
1739 803 1927 843 resumsit
1952 805 2060 856 Buf-

371 883 548 934 fortius
591 885 618 921 Z.
662 895 698 920 c.
747 895 785 934 p.
824 894 908 916 101.
937 901 992 906 —
1034 880 1197 917 Pennae
1241 877 1435 918 rectrices
1474 877 1601 917 etiam
1641 877 1762 931 hujus
1799 878 1979 932 Aquilae
2010 879 2058 918 ad

379 956 546 1010 sagittas
578 954 848 994 aestimantur
878 963 919 992 et
950 964 1042 993 sunt
1071 953 1180 994 inter
1210 968 1388 1003 merces,
1421 968 1525 1009 quae
1544 955 1834 1008 Orenburgum
1858 969 1932 1009 pro
1964 953 2061 993 asia-

379 1030 475 1070 ticis
507 1031 759 1071 adferuntur.

492 1107 665 1146 Descr.
736 1107 867 1146 Moles
895 1105 1191 1159 Gallopavonis
1223 1118 1265 1146 et
1295 1118 1354 1146 est
1385 1123 1407 1146 e
1439 1104 1651 1154 maximis,
1696 1106 1771 1145 sed
1809 1103 1884 1144 alis
1915 1103 2063 1145 minor.

380 1184 589 1228 Rostrum,
633 1192 678 1220 ut
706 1180 750 1220 in
780 1182 1081 1235 praecedente,
1124 1197 1338 1236 magnum,
1383 1182 1472 1222 basi
1501 1181 1817 1228 rectiusculum‚
1861 1193 2064 1234 compres-

381 1272 489 1305 sum,
536 1255 693 1310 pallide
737 1271 916 1295 cereum.
992 1258 1095 1296 Cera
1140 1256 1269 1310 magis
1311 1256 1457 1296 livida.
1528 1256 1656 1295 Irides
1697 1254 2065 1309 gryseo-albidae;

380 1333 606 1388 palpebrae
635 1329 821 1384 margine
851 1330 1010 1376 nudae,
1040 1330 1196 1385 pallide
1226 1333 1368 1372 flavae.
1428 1333 1563 1386 Caput
1593 1345 1687 1371 cum
1713 1329 1875 1370 cervice
1904 1343 2066 1383 gryseo·

383 1406 647 1455 exalbidum,
679 1404 833 1459 plumis
865 1405 1108 1445 acuminatis
1138 1407 1344 1459 jubamini,
1393 1408 1522 1456 unde,
1568 1417 1609 1445 et
1639 1416 1808 1461 propter
1836 1404 1960 1444 rostri
1988 1404 2065 1444 for-

382 1497 515 1529 mam,
547 1482 598 1521 ad
627 1481 824 1520 Vultures
855 1479 998 1520 referri
1029 1495 1111 1520 non
1140 1492 1290 1535 potest.
1368 1484 1525 1537 Corpus
1555 1482 1734 1528 fuscum,
1780 1481 1920 1519 subtus
1949 1480 2064 1519 obso-

385 1557 532 1605 letius,
564 1556 717 1611 plumis
748 1555 867 1612 apice
898 1556 1280 1610 grysco-exoletis,
1329 1556 1524 1611 lanugine
1555 1555 1852 1596 cinerascente.
1910 1555 2068 1594 Pennae

386 1633 541 1672 alarum
571 1631 790 1687 rigidiores
821 1647 944 1686 quam
974 1631 1017 1670 in
1050 1629 1303 1686 Chrysaeto‚
1341 1631 1609 1672 secundariae
1639 1630 1771 1686 scapis
1801 1646 1919 1685 supra
1949 1628 2067 1675 albis,

386 1709 526 1747 subtus
556 1707 694 1747 fuscis.
754 1707 900 1746 Cauda
928 1707 1178 1753 obrotunda;
1208 1712 1392 1747 rectrices
1423 1707 1564 1754 albae,
1594 1706 1682 1746 basi
1711 1716 1823 1745 tecta
1851 1705 1968 1759 nigro
1998 1717 2066 1743 ne·

384 1783 574 1829 bulosae3
619 1785 800 1821 tecerices
838 1780 1108 1835 nigricantes‚
1154 1781 1317 1821 mediae
1356 1797 1378 1820 a
1415 1780 1557 1820 medio
1588 1780 1727 1826 albae,
1768 1779 1886 1834 apice
1929 1780 2065 1818 denuo

386 1855 543 1910 nigrae.
601 1856 728 1895 Pedes
757 1856 809 1894 ad
839 1854 997 1894 medias
1026 1854 1150 1894 tibias
1180 1855 1300 1904 nudi,
1332 1855 1494 1894 intense
1523 1853 1640 1903 flavi,
1685 1853 1828 1908 digitis
1859 1852 2064 1894 crassiori-

385 1932 481 1980 bus,
511 1931 585 1970 sed
612 1929 818 1983 unguibus
847 1928 976 1982 nigris
1006 1928 1256 1979 minoribus,
1288 1945 1412 1985 quam
1435 1935 1480 1970 in
1503 1931 1629 1971 nobili
1652 1940 1694 1969 et
1718 1931 1965 1983 Chrysaeto,
1997 1942 2065 1967 ne-

389 2021 469 2061 que
500 2004 682 2045 exterior
713 2003 868 2058 digitus
900 2005 1003 2043 adeo
1033 2004 1251 2044 versatilis.
1322 2005 1485 2046 Pondus
1522 2006 1606 2044 fere
1645 2022 1687 2044 10
1719 2004 1937 2053 librarum3
1981 2019 2066 2044 mas

388 2082 512 2135 paulo
542 2080 690 2120 minor.
749 2081 940 2120 Mensura
970 2080 1020 2119 ad
1050 2080 1299 2135 uropygium
1334 2084 1376 2120 ι’.
1408 2084 1466 2121 δ”.
1499 2082 1566 2121 6‘'‘.
1602 2081 1756 2120 caudae
1793 2081 1872 2120 11⁹.
1910 2080 2065 2120 alarum

388 2156 511 2195 ulnae
549 2162 590 2195 1².
628 2157 709 2196 10⁰.
740 2170 1014 2211 expansarum
1044 2160 1092 2196 5‘.
1124 2157 1182 2207 9²2
1253 2159 1301 2195 In
1343 2155 1543 2196 intestino
1573 2157 1657 2196 fere
1694 2164 1737 2197 13
1768 2157 1895 2211 pedes
1924 2156 2061 2207 longo,

388 2246 509 2271 coeca
539 2232 645 2278 duo,
673 2231 784 2271 mole
815 2230 930 2285 grani
960 2230 1154 2280 secalini,
1187 2247 1269 2272 non
1301 2243 1447 2272 exacte
1478 2232 1681 2287 opposita.
1744 2233 1880 2271 Testes
1908 2229 1952 2269 in
1982 2242 2061 2267 ma-

390 2319 454 2350 re,
482 2317 669 2361 tempore
698 2305 883 2353 veneris,
913 2307 1023 2346 mole
1053 2307 1179 2361 dupla
1208 2307 1347 2347 nuclei
1376 2308 1640 2363 amygdalae,
1688 2309 1812 2361 figura
1842 2300 2059 2346 subsimili,

392 2379 603 2434 depressa,
648 2381 883 2432 sublunata3
929 2380 1095 2422 sinister
1135 2385 1277 2438 major.
1349 2385 1562 2425 Foeminae
1601 2394 1699 2424 tunc
1728 2381 1943 2423 oviductus
1975 2391 2059 2415 ama
