2196 2927
396 198 449 237 5⁷0
1149 196 1292 219 Ξ

393 307 435 337 et
476 296 655 342 caudae,
709 292 920 334 intersutis
974 292 1072 335 loris
1114 309 1189 349 pro
1230 293 1481 348 tegminibus
1535 294 1761 336 itinerariis
1817 293 1944 336 vendi
2000 306 2059 332 so-

393 372 493 411 lent.
552 371 812 411 consuuntur
841 368 969 408 etiam
999 384 1115 409 aures
1143 369 1363 424 separatim
1394 385 1468 425 pro
1498 386 1570 410 usu
1599 371 1857 426 plebeculae.
1916 373 1948 409 E
1969 383 2061 409 cen-

392 457 478 484 tum
500 442 651 497 viginti
674 442 856 498 vulpinis
878 443 1059 498 pellibus
1088 444 1146 484 sie
1177 444 1301 499 vulgo
1331 444 1508 485 dissecta
1538 445 1790 486 associantur
1819 448 2060 499 fragmenta,

392 534 563 574 quorum
591 517 670 557 tria
698 516 835 572 priora
865 533 1015 572 genera
1043 518 1224 574 pretium
1253 519 1429 574 pellium
1459 521 1685 575 complent,
1717 520 1879 575 reliqua
1909 534 2062 559 merca-

390 593 471 633 tori
500 592 625 648 gratis
655 592 840 632 veniunt.
911 596 976 632 De
1003 593 1211 647 nigrarum
1249 594 1437 649 vulpium
1467 595 1628 636 enormi
1656 595 1818 651 praetio
1848 595 2066 635 evolvatur

392 670 475 709 Cel.
505 670 703 729 M-z‘iller.
759 669 986 723 (Samlung.
1015 670 1247 710 Russischer
1283 671 1532 723 Geschichce)

526 818 682 872 Vulpes
713 817 960 872 quibusdam
991 819 1107 859 annis
1137 819 1181 859 in
1211 831 1396 859 extrema
1420 820 1570 860 Sibiria
1599 821 1776 875 migrare
1807 821 2060 867 observatur,

389 892 632 947 praesertim
662 892 705 932 in
736 892 1037 934 Camtschatca.
1105 895 1281 949 Quando
1315 894 1377 934 ibi
1417 895 1657 950 migratoria
1687 895 1866 935 murium
1897 893 2063 948 agmina

391 968 628 1017 adventant,
658 979 773 1008 tanto
804 983 924 1024 saepe
954 984 1125 1010 numero
1154 980 1199 1009 ut
1227 969 1382 1024 ubique
1412 971 1640 1025 perfossum
1670 971 1720 1009 ab
1750 969 1803 1009 iis
1833 970 1966 1009 solum
1997 983 2064 1023 ap-

388 1053 542 1096 pareat,
574 1054 790 1083 accurrunt
817 1054 916 1084 tunc
947 1044 1075 1084 etiam
1104 1043 1296 1099 copiosae
1326 1045 1503 1099 Vulpes,
1535 1059 1669 1099 neque
1687 1043 1823 1085 minus
1838 1043 2062 1091 abundant,

388 1130 515 1170 quum
544 1117 713 1157 flumina
743 1117 910 1172 copiosa
939 1118 1117 1173 piscium
1147 1120 1463 1159 anadromorum
1494 1119 1658 1173 agmina
1695 1118 1740 1158 in
1769 1118 1911 1158 littore
1941 1116 2064 1156 relin-

389 1201 538 1244 quunt,
570 1191 686 1244 quasi
715 1193 842 1231 odore
873 1207 895 1231 e
924 1193 1154 1247 longinquo
1197 1193 1393 1240 allectae;
1438 1193 1531 1232 aliis
1562 1192 1678 1232 annis
1709 1194 1881 1241 abeunt,
1919 1190 2062 1246 paucis

389 1265 710 1305 remanentibus.
768 1267 1054 1306 Adventantes
1084 1281 1203 1306 cursu
1232 1266 1467 1306 continenti
1496 1268 1701 1315 feruntur,
1740 1266 1842 1306 licet
1871 1264 2062 1313 solitarii,

391 1338 507 1393 quasi
535 1338 632 1392 jussi
662 1351 815 1388 essent,
857 1341 969 1394 quod
1011 1340 1275 1380 venatoribus
1305 1356 1445 1381 earum
1475 1341 1691 1396 regionum
1732 1342 1902 1394 Pripusk
1932 1338 2061 1379 audit.

391 1415 440 1452 In
470 1412 562 1452 aliis
592 1413 847 1467 regionibuS,
887 1429 1014 1468 quum
1044 1414 1202 1469 copiosi
1234 1427 1433 1470 apparent
1475 1417 1658 1471 lepores,
1710 1415 1886 1456 subinde
1916 1413 2062 1469 migra-

390 1486 490 1527 torii
519 1487 630 1536 facti,
663 1488 855 1543 copiosae
886 1488 1013 1527 etiam
1043 1489 1211 1542 Vulpes.
1270 1492 1425 1530 Amant
1453 1491 1567 1530 enim
1585 1490 1693 1531 hanc
1708 1490 1987 1538 venationem,
2020 1499 2063 1527 et

389 1575 515 1616 quum
557 1563 709 1616 praeda
746 1563 1069 1616 superabundat,
1115 1563 1275 1617 lepores
1318 1564 1361 1603 in
1405 1566 1501 1605 nive
1540 1565 1760 1606 defodiunt
1797 1565 1842 1604 in
1881 1565 2064 1603 futurum

388 1646 685 1685 commeatum,
718 1651 818 1690 quos
848 1651 969 1690 saepe
1000 1637 1207 1677 defluente
1222 1637 1319 1678 nive
1336 1638 1518 1694 integros
1534 1639 1753 1680 inveniunt
1769 1650 2061 1679 venat01·es.--

388 1713 571 1764 Urgente
601 1710 709 1750 fame
740 1722 880 1751 contra
910 1723 1055 1751 vorant
1085 1712 1211 1752 etiam
1241 1714 1417 1767 gryllos,
1458 1714 1641 1764 cicadas,
1682 1715 1940 1763 scarabaeos,
1980 1714 2060 1768 Cy-

389 1784 553 1824 nosbati
582 1785 734 1824 fructus
765 1785 946 1840 aliasque
975 1788 1134 1827 baccas.
1180 1787 1344 1828 Coeunt
1372 1787 1616 1836 Februari03
1657 1787 1818 1843 singula
1847 1799 1946 1827 tunc
1977 1788 2059 1827 foe-

389 1858 502 1900 mina
530 1859 688 1898 duobus
718 1860 899 1900 tribusve
930 1862 1109 1902 maribus
1148 1861 1311 1917 stipata.
1378 1861 1639 1917 Septimanas
1666 1877 1818 1903 novem
1847 1873 1964 1902 utero
1994 1877 2060 1916 ge-

390 1945 484 1973 runt
506 1945 548 1973 et
570 1934 697 1974 catuli
719 1936 949 1976 Novembri
971 1940 1054 1991 jam
1081 1937 1278 1977 matribus
1300 1953 1430 1993 pares.
1491 1938 1711 1978 Caeterum
1735 1937 1949 1992 vulpinam
1977 1953 2059 1977 car-

389 2022 485 2047 nem
513 2008 659 2064 populi
688 2024 844 2060 onmes,
876 2011 947 2066 qui
971 2013 1101 2052 multa
1125 2012 1205 2052 alia
1222 2013 1456 2068 promiscue
1479 2012 1694 2069 animalia,
1726 2012 1770 2052 in
1790 2015 1953 2067 Europa
1975 2027 2058 2052 non

390 2082 559 2133 usitata,
590 2082 634 2122 in
650 2083 790 2125 cibum
821 2097 1004 2136 vertunt,
1036 2087 1247 2128 communi
1277 2103 1476 2129 consensu
1506 2087 1749 2137 abhorrent,
1781 2098 1826 2127 ut
1849 2098 1891 2127 et
1906 2090 2054 2142 Lupos,

388 2157 587 2212 Lagop05,
612 2159 836 2210 Putorium,
867 2161 1119 2212 Ermineum,
1147 2166 1286 2203 Mures
1302 2164 1417 2203 Ratti
1438 2175 1480 2203 et
1501 2162 1734 2211 domestici,
1758 2162 1867 2203 inter
1882 2163 2056 2217 quadru-

389 2233 516 2285 peda3
556 2247 608 2273 ex
645 2233 787 2273 avibus
818 2246 955 2276 autem
985 2237 1169 2291 aquilae,
1219 2238 1456 2294 accipitres,
1502 2239 1702 2288 falcones,
1746 2237 1881 2286 corvi,
1925 2235 2056 2277 corni-

390 2319 476 2354 ces»,
508 2308 759 2347 vultures.-
790 2311 925 2349 Voces
954 2311 1070 2365 vulpi
1098 2313 1235 2354 variae
1265 2328 1339 2369 pro
1369 2313 1498 2353 animi
1528 2314 1763 2362 affectibus,
1796 2313 1963 2351 latratus
1986 2325 2054 2364 pe-

392 2379 556 2422 culiaris
587 2382 802 2433 desiderii,
835 2394 877 2423 et
905 2385 1097 2438 gannitus
1127 2388 1339 2441 querulus,
1377 2388 1616 2429 iracundiae
1646 2400 1688 2428 et
1714 2385 1869 2428 doloris
1899 2385 2052 2425 clamor
