<?xml version="1.0" encoding="UTF-8"?>
<!DOCTYPE html PUBLIC "-//W3C//DTD XHTML 1.0 Transitional//EN"
    "http://www.w3.org/TR/xhtml1/DTD/xhtml1-transitional.dtd">
<html xmlns="http://www.w3.org/1999/xhtml" xml:lang="en" lang="en">
 <head>
  <title>
</title>
<meta http-equiv="Content-Type" content="text/html;charset=utf-8" />
  <meta name='ocr-system' content='tesseract 3.04.00' />
  <meta name='ocr-capabilities' content='ocr_page ocr_carea ocr_par ocr_line ocrx_word'/>
</head>
<body>
  <div class='ocr_page' id='page_1' title='image "./zoographiarossoa11831pall_0580.png"; bbox 0 0 2196 2927; ppageno 0'>
   <div class='ocr_carea' id='block_1_1' title="bbox 393 191 1288 239">
    <p class='ocr_par' dir='ltr' id='par_1_1' title="bbox 393 191 1288 239">
     <span class='ocr_line' id='line_1_1' title="bbox 393 191 1288 239; baseline -0.002 -1"><span class='ocrx_word' id='word_1_1' title='bbox 393 191 482 239; x_wconf 79' lang='lat'>548</span> <span class='ocrx_word' id='word_1_2' title='bbox 1141 197 1288 222; x_wconf 51' lang='grc' dir='ltr'><strong>Ε</strong></span> 
     </span>
    </p>
   </div>
   <div class='ocr_carea' id='block_1_2' title="bbox 394 290 2059 347">
    <p class='ocr_par' dir='ltr' id='par_1_2' title="bbox 394 290 2059 347">
     <span class='ocr_line' id='line_1_2' title="bbox 394 290 2059 347; baseline -0.003 -10"><span class='ocrx_word' id='word_1_3' title='bbox 394 296 473 338; x_wconf 86' lang='lat' dir='ltr'>bili</span> <span class='ocrx_word' id='word_1_4' title='bbox 504 306 546 335; x_wconf 89' lang='lat' dir='ltr'>et</span> <span class='ocrx_word' id='word_1_5' title='bbox 576 291 745 333; x_wconf 81' lang='lat' dir='ltr'>animali</span> <span class='ocrx_word' id='word_1_6' title='bbox 776 291 957 340; x_wconf 80' lang='lat' dir='ltr'>mixtus,</span> <span class='ocrx_word' id='word_1_7' title='bbox 986 301 1084 333; x_wconf 76' lang='lat' dir='ltr'>caet.</span> <span class='ocrx_word' id='word_1_8' title='bbox 1111 290 1194 333; x_wconf 91' lang='lat' dir='ltr'>hoc</span> <span class='ocrx_word' id='word_1_9' title='bbox 1218 302 1460 347; x_wconf 75' lang='lat' dir='ltr'>exposcunt.</span> <span class='ocrx_word' id='word_1_10' title='bbox 1521 291 1675 332; x_wconf 79' lang='lat' dir='ltr'>Contra</span> <span class='ocrx_word' id='word_1_11' title='bbox 1697 292 1958 334; x_wconf 79' lang='lat' dir='ltr'>Pendulinum</span> <span class='ocrx_word' id='word_1_12' title='bbox 1984 291 2059 333; x_wconf 81' lang='lat' dir='ltr'>mi-</span> 
     </span>
    </p>
   </div>
   <div class='ocr_carea' id='block_1_3' title="bbox 394 367 1434 412">
    <p class='ocr_par' dir='ltr' id='par_1_3' title="bbox 394 367 1434 412">
     <span class='ocr_line' id='line_1_3' title="bbox 394 367 1434 412; baseline -0.002 -2"><span class='ocrx_word' id='word_1_13' title='bbox 394 387 468 412; x_wconf 88' lang='lat' dir='ltr'>nus</span> <span class='ocrx_word' id='word_1_14' title='bbox 500 368 712 410; x_wconf 79' lang='lat' dir='ltr'>affinitatis</span> <span class='ocrx_word' id='word_1_15' title='bbox 741 384 837 410; x_wconf 90' lang='lat' dir='ltr'>cum</span> <span class='ocrx_word' id='word_1_16' title='bbox 866 369 978 410; x_wconf 84' lang='lat' dir='ltr'>Paris</span> <span class='ocrx_word' id='word_1_17' title='bbox 1006 368 1232 409; x_wconf 78' lang='lat' dir='ltr'>habentem</span> <span class='ocrx_word' id='word_1_18' title='bbox 1262 367 1434 408; x_wconf 77' lang='lat' dir='ltr'><strong>exclusi.</strong></span> 
     </span>
    </p>
   </div>
   <div class='ocr_carea' id='block_1_4' title="bbox 779 527 1687 585">
    <p class='ocr_par' dir='ltr' id='par_1_4' title="bbox 779 527 1687 585">
     <span class='ocr_line' id='line_1_4' title="bbox 779 527 1687 585; baseline -0.006 -11"><span class='ocrx_word' id='word_1_19' title='bbox 779 531 900 575; x_wconf 84' lang='lat'><strong>163.</strong></span> <span class='ocrx_word' id='word_1_20' title='bbox 945 529 1024 572; x_wconf 62' lang='lat' dir='ltr'>÷P</span> <span class='ocrx_word' id='word_1_21' title='bbox 1050 529 1091 573; x_wconf 91' lang='lat' dir='ltr'><strong>A</strong></span> <span class='ocrx_word' id='word_1_22' title='bbox 1116 530 1156 571; x_wconf 80' lang='lat' dir='ltr'>R</span> <span class='ocrx_word' id='word_1_23' title='bbox 1180 528 1221 571; x_wconf 94' lang='lat' dir='ltr'><strong>U</strong></span> <span class='ocrx_word' id='word_1_24' title='bbox 1246 529 1272 570; x_wconf 88' lang='lat' dir='ltr'>S</span> <span class='ocrx_word' id='word_1_25' title='bbox 1329 527 1687 585; x_wconf 70' lang='lat' dir='ltr'>anbycilla.</span> 
     </span>
    </p>
   </div>
   <div class='ocr_carea' id='block_1_5' title="bbox 404 628 2077 2332">
    <p class='ocr_par' dir='ltr' id='par_1_5' title="bbox 532 628 2073 1660">
     <span class='ocr_line' id='line_1_5' title="bbox 532 628 1884 685; baseline -0.004 -12"><span class='ocrx_word' id='word_1_26' title='bbox 532 635 576 673; x_wconf 90' lang='lat' dir='ltr'>P.</span> <span class='ocrx_word' id='word_1_27' title='bbox 608 632 766 673; x_wconf 85' lang='lat' dir='ltr'>vertice</span> <span class='ocrx_word' id='word_1_28' title='bbox 797 632 992 679; x_wconf 86' lang='lat' dir='ltr'>cristato,</span> <span class='ocrx_word' id='word_1_29' title='bbox 1021 631 1120 672; x_wconf 88' lang='lat' dir='ltr'>loris</span> <span class='ocrx_word' id='word_1_30' title='bbox 1149 629 1302 685; x_wconf 83' lang='lat' dir='ltr'>nigris,</span> <span class='ocrx_word' id='word_1_31' title='bbox 1333 629 1575 669; x_wconf 81' lang='lat' dir='ltr'>rectricibus</span> <span class='ocrx_word' id='word_1_32' title='bbox 1607 628 1724 683; x_wconf 87' lang='lat' dir='ltr'>apice</span> <span class='ocrx_word' id='word_1_33' title='bbox 1755 629 1884 670; x_wconf 80' lang='lat' dir='ltr'>flavis.</span> 
     </span>
     <span class='ocr_line' id='line_1_6' title="bbox 616 704 2062 760; baseline -0.001 -13"><span class='ocrx_word' id='word_1_34' title='bbox 616 709 809 747; x_wconf 77' lang='lat' dir='ltr'>Garrulus</span> <span class='ocrx_word' id='word_1_35' title='bbox 838 705 1087 747; x_wconf 82' lang='lat' dir='ltr'>bohemicus</span> <span class='ocrx_word' id='word_1_36' title='bbox 1118 705 1403 760; x_wconf 86' lang='lat' dir='ltr'>antiquorum,</span> <span class='ocrx_word' id='word_1_37' title='bbox 1454 704 1672 757; x_wconf 74' lang='lat' dir='ltr'>Willughb.</span> <span class='ocrx_word' id='word_1_38' title='bbox 1702 720 1785 743; x_wconf 84' lang='lat' dir='ltr'>orn.</span> <span class='ocrx_word' id='word_1_39' title='bbox 1817 722 1855 759; x_wconf 84' lang='lat' dir='ltr'>p.</span> <span class='ocrx_word' id='word_1_40' title='bbox 1886 721 1949 756; x_wconf 82' lang='lat'>90.</span> <span class='ocrx_word' id='word_1_41' title='bbox 1980 707 2062 746; x_wconf 75' lang='lat' dir='ltr'>tab.</span> 
     </span>
     <span class='ocr_line' id='line_1_7' title="bbox 673 779 2070 837; baseline -0.001 -16"><span class='ocrx_word' id='word_1_42' title='bbox 673 799 737 822; x_wconf 83' lang='lat'>20.</span> <span class='ocrx_word' id='word_1_43' title='bbox 801 783 892 837; x_wconf 79' lang='lat' dir='ltr'>Raj.</span> <span class='ocrx_word' id='word_1_44' title='bbox 924 796 988 820; x_wconf 83' lang='lat' dir='ltr'>av.</span> <span class='ocrx_word' id='word_1_45' title='bbox 1023 797 1062 836; x_wconf 86' lang='lat' dir='ltr'>p.</span> <span class='ocrx_word' id='word_1_46' title='bbox 1096 787 1158 821; x_wconf 78' lang='lat'>85.</span> <span class='ocrx_word' id='word_1_47' title='bbox 1224 779 1361 819; x_wconf 81' lang='lat' dir='ltr'><em>Albin.</em></span> <span class='ocrx_word' id='word_1_48' title='bbox 1391 795 1455 818; x_wconf 86' lang='lat' dir='ltr'>av.</span> <span class='ocrx_word' id='word_1_49' title='bbox 1485 780 1539 818; x_wconf 90' lang='lat' dir='ltr'>II.</span> <span class='ocrx_word' id='word_1_50' title='bbox 1570 779 1651 818; x_wconf 79' lang='lat' dir='ltr'>tab.</span> <span class='ocrx_word' id='word_1_51' title='bbox 1684 785 1748 819; x_wconf 83' lang='lat'>26.</span> <span class='ocrx_word' id='word_1_52' title='bbox 1816 781 1966 821; x_wconf 77' lang='lat' dir='ltr'>Frisclz.</span> <span class='ocrx_word' id='word_1_53' title='bbox 2004 796 2070 820; x_wconf 81' lang='grc' dir='ltr'>αυ.</span> 
     </span>
     <span class='ocr_line' id='line_1_8' title="bbox 673 857 1073 909; baseline -0.005 -13"><span class='ocrx_word' id='word_1_54' title='bbox 673 857 756 896; x_wconf 76' lang='lat' dir='ltr'>tab.</span> <span class='ocrx_word' id='word_1_55' title='bbox 790 863 851 896; x_wconf 79' lang='lat'>32.</span> <span class='ocrx_word' id='word_1_56' title='bbox 873 857 952 909; x_wconf 78' lang='lat' dir='ltr'>fig.</span> <span class='ocrx_word' id='word_1_57' title='bbox 993 873 1024 894; x_wconf 89' lang='lat'>1.</span> <span class='ocrx_word' id='word_1_58' title='bbox 1054 861 1073 894; x_wconf 69' lang='lat' dir='ltr'><em>P</em></span> 
     </span>
     <span class='ocr_line' id='line_1_9' title="bbox 615 929 2068 987; baseline -0.003 -16"><span class='ocrx_word' id='word_1_59' title='bbox 615 931 809 987; x_wconf 82' lang='lat' dir='ltr'>Ampelis</span> <span class='ocrx_word' id='word_1_60' title='bbox 855 929 1075 979; x_wconf 75' lang='lat' dir='ltr'>Garrulus,</span> <span class='ocrx_word' id='word_1_61' title='bbox 1133 929 1226 970; x_wconf 88' lang='lat' dir='ltr'>Lin.</span> <span class='ocrx_word' id='word_1_62' title='bbox 1258 932 1384 968; x_wconf 83' lang='lat' dir='ltr'>Faun.</span> <span class='ocrx_word' id='word_1_63' title='bbox 1415 943 1473 968; x_wconf 87' lang='lat' dir='ltr'>su.</span> <span class='ocrx_word' id='word_1_64' title='bbox 1505 931 1537 966; x_wconf 94' lang='grc' dir='ltr'>Ι.</span> <span class='ocrx_word' id='word_1_65' title='bbox 1574 945 1660 980; x_wconf 83' lang='lat'>179.</span> <span class='ocrx_word' id='word_1_66' title='bbox 1692 931 1798 983; x_wconf 84' lang='lat' dir='ltr'>Syst.</span> <span class='ocrx_word' id='word_1_67' title='bbox 1833 931 1928 969; x_wconf 85' lang='grc' dir='ltr'>ΧΠ.</span> <span class='ocrx_word' id='word_1_68' title='bbox 1964 930 1996 968; x_wconf 91' lang='grc' dir='ltr'>Ι.</span> <span class='ocrx_word' id='word_1_69' title='bbox 2027 944 2068 983; x_wconf 90' lang='lat' dir='ltr'>p.</span> 
     </span>
     <span class='ocr_line' id='line_1_10' title="bbox 675 1022 923 1061; baseline 0.004 -16"><span class='ocrx_word' id='word_1_70' title='bbox 675 1024 764 1057; x_wconf 78' lang='lat'><strong>297.</strong></span> <span class='ocrx_word' id='word_1_71' title='bbox 795 1022 854 1061; x_wconf 87' lang='lat' dir='ltr'>sp.</span> <span class='ocrx_word' id='word_1_72' title='bbox 893 1024 923 1046; x_wconf 91' lang='lat'>1.</span> 
     </span>
     <span class='ocr_line' id='line_1_11' title="bbox 613 1078 2073 1134; baseline -0.002 -13"><span class='ocrx_word' id='word_1_73' title='bbox 613 1083 777 1121; x_wconf 84' lang='lat' dir='ltr'>Turdus</span> <span class='ocrx_word' id='word_1_74' title='bbox 809 1080 1024 1130; x_wconf 81' lang='lat' dir='ltr'>cristatus,</span> <span class='ocrx_word' id='word_1_75' title='bbox 1067 1091 1197 1120; x_wconf 84' lang='lat' dir='ltr'>rostro</span> <span class='ocrx_word' id='word_1_76' title='bbox 1227 1078 1345 1119; x_wconf 90' lang='lat' dir='ltr'>brevi</span> <span class='ocrx_word' id='word_1_77' title='bbox 1378 1079 1428 1118; x_wconf 82' lang='lat' dir='ltr'>ad</span> <span class='ocrx_word' id='word_1_78' title='bbox 1457 1090 1593 1119; x_wconf 86' lang='lat' dir='ltr'>ortum</span> <span class='ocrx_word' id='word_1_79' title='bbox 1622 1078 1733 1128; x_wconf 85' lang='lat' dir='ltr'>lato,</span> <span class='ocrx_word' id='word_1_80' title='bbox 1789 1080 1907 1119; x_wconf 82' lang='lat' dir='ltr'><em>Klein</em></span> <span class='ocrx_word' id='word_1_81' title='bbox 1937 1079 2073 1134; x_wconf 80' lang='lat' dir='ltr'><strong><em>prodr.</em></strong></span> 
     </span>
     <span class='ocr_line' id='line_1_12' title="bbox 675 1160 1203 1211; baseline -0.004 -15"><span class='ocrx_word' id='word_1_82' title='bbox 675 1173 739 1197; x_wconf 77' lang='grc' dir='ltr'>αυ.</span> <span class='ocrx_word' id='word_1_83' title='bbox 769 1173 807 1211; x_wconf 81' lang='lat' dir='ltr'>p.</span> <span class='ocrx_word' id='word_1_84' title='bbox 843 1174 906 1208; x_wconf 89' lang='lat'>70.</span> <span class='ocrx_word' id='word_1_85' title='bbox 939 1173 973 1196; x_wconf 84' lang='lat' dir='ltr'>n.</span> <span class='ocrx_word' id='word_1_86' title='bbox 1007 1163 1073 1206; x_wconf 72' lang='grc'>34.</span> <span class='ocrx_word' id='word_1_87' title='bbox 1102 1160 1203 1195; x_wconf 85' lang='lat' dir='ltr'>icon.</span> 
     </span>
     <span class='ocr_line' id='line_1_13' title="bbox 618 1229 2073 1286; baseline -0.003 -14"><span class='ocrx_word' id='word_1_88' title='bbox 618 1234 778 1273; x_wconf 85' lang='lat' dir='ltr'>Turdus</span> <span class='ocrx_word' id='word_1_89' title='bbox 795 1231 1059 1286; x_wconf 81' lang='lat' dir='ltr'>Bombycilla</span> <span class='ocrx_word' id='word_1_90' title='bbox 1075 1229 1297 1270; x_wconf 68' lang='lat' dir='ltr'>bohemica</span> <span class='ocrx_word' id='word_1_91' title='bbox 1315 1259 1326 1275; x_wconf 91' lang='lat'>‚</span> <span class='ocrx_word' id='word_1_92' title='bbox 1354 1231 1531 1269; x_wconf 76' lang='lat' dir='ltr'>Brisson.</span> <span class='ocrx_word' id='word_1_93' title='bbox 1553 1246 1636 1270; x_wconf 85' lang='lat' dir='ltr'>orn.</span> <span class='ocrx_word' id='word_1_94' title='bbox 1659 1232 1713 1269; x_wconf 87' lang='lat' dir='ltr'>II.</span> <span class='ocrx_word' id='word_1_95' title='bbox 1744 1246 1780 1284; x_wconf 88' lang='lat' dir='ltr'>p.</span> <span class='ocrx_word' id='word_1_96' title='bbox 1808 1236 1898 1271; x_wconf 76' lang='lat'>333.</span> <span class='ocrx_word' id='word_1_97' title='bbox 1923 1244 1982 1282; x_wconf 80' lang='lat' dir='ltr'>sp.</span> <span class='ocrx_word' id='word_1_98' title='bbox 2008 1235 2073 1268; x_wconf 80' lang='lat'>63.</span> 
     </span>
     <span class='ocr_line' id='line_1_14' title="bbox 626 1303 2072 1350; baseline -0.005 -3"><span class='ocrx_word' id='word_1_99' title='bbox 626 1307 778 1347; x_wconf 79' lang='lat' dir='ltr'>Lanius</span> <span class='ocrx_word' id='word_1_100' title='bbox 809 1307 1026 1350; x_wconf 76' lang='lat' dir='ltr'>Garrulus,</span> <span class='ocrx_word' id='word_1_101' title='bbox 1055 1307 1143 1344; x_wconf 80' lang='lat' dir='ltr'>Lin,</span> <span class='ocrx_word' id='word_1_102' title='bbox 1175 1306 1300 1343; x_wconf 81' lang='lat' dir='ltr'>Faun.</span> <span class='ocrx_word' id='word_1_103' title='bbox 1331 1319 1390 1343; x_wconf 80' lang='lat' dir='ltr'>su.</span> <span class='ocrx_word' id='word_1_104' title='bbox 1421 1305 1474 1342; x_wconf 92' lang='grc' dir='ltr'>ΙΙ.</span> <span class='ocrx_word' id='word_1_105' title='bbox 1506 1310 1569 1343; x_wconf 81' lang='lat'>82.</span> <span class='ocrx_word' id='word_1_106' title='bbox 1599 1304 1715 1343; x_wconf 84' lang='lat' dir='ltr'>Zool.</span> <span class='ocrx_word' id='word_1_107' title='bbox 1748 1304 1893 1343; x_wconf 79' lang='lat' dir='ltr'><strong><em>britan.</em></strong></span> <span class='ocrx_word' id='word_1_108' title='bbox 1925 1303 2007 1342; x_wconf 78' lang='lat' dir='ltr'>tab.</span> <span class='ocrx_word' id='word_1_109' title='bbox 2038 1317 2072 1340; x_wconf 75' lang='lat' dir='ltr'>c,</span> 
     </span>
     <span class='ocr_line' id='line_1_15' title="bbox 668 1384 819 1435; baseline -0.02 -13"><span class='ocrx_word' id='word_1_110' title='bbox 668 1384 750 1435; x_wconf 79' lang='lat' dir='ltr'>fig.</span> <span class='ocrx_word' id='word_1_111' title='bbox 789 1399 819 1420; x_wconf 91' lang='lat'>1.</span> 
     </span>
     <span class='ocr_line' id='line_1_16' title="bbox 625 1453 1790 1506; baseline -0.006 -8"><span class='ocrx_word' id='word_1_112' title='bbox 625 1463 682 1499; x_wconf 91' lang='lat' dir='ltr'>Le</span> <span class='ocrx_word' id='word_1_113' title='bbox 715 1460 854 1497; x_wconf 84' lang='lat' dir='ltr'>Jaseur</span> <span class='ocrx_word' id='word_1_114' title='bbox 884 1455 935 1494; x_wconf 85' lang='lat' dir='ltr'>de</span> <span class='ocrx_word' id='word_1_115' title='bbox 966 1453 1177 1500; x_wconf 58' lang='lat' dir='ltr'>Boheme,</span> <span class='ocrx_word' id='word_1_116' title='bbox 1208 1453 1422 1492; x_wconf 78' lang='lat' dir='ltr'>D‘aubent.</span> <span class='ocrx_word' id='word_1_117' title='bbox 1457 1456 1552 1506; x_wconf 73' lang='lat' dir='ltr'>pict.</span> <span class='ocrx_word' id='word_1_118' title='bbox 1584 1453 1667 1492; x_wconf 80' lang='lat' dir='ltr'>tab.</span> <span class='ocrx_word' id='word_1_119' title='bbox 1700 1460 1790 1493; x_wconf 82' lang='lat'>261.</span> 
     </span>
     <span class='ocr_line' id='line_1_17' title="bbox 543 1526 2071 1582; baseline -0.005 -7"><span class='ocrx_word' id='word_1_120' title='bbox 543 1534 715 1575; x_wconf 85' lang='lat' dir='ltr'>Rossice</span> <span class='ocrx_word' id='word_1_121' title='bbox 757 1533 987 1579; x_wconf 69' lang='lat' dir='ltr'>Swiristell,</span> <span class='ocrx_word' id='word_1_122' title='bbox 1043 1527 1135 1568; x_wconf 81' lang='lat' dir='ltr'>aliis</span> <span class='ocrx_word' id='word_1_123' title='bbox 1164 1527 1390 1582; x_wconf 82' lang='lat' dir='ltr'>improprie</span> <span class='ocrx_word' id='word_1_124' title='bbox 1423 1528 1576 1575; x_wconf 72' lang='lat' dir='ltr'>Soika,</span> <span class='ocrx_word' id='word_1_125' title='bbox 1632 1526 1736 1566; x_wconf 85' lang='lat' dir='ltr'>item</span> <span class='ocrx_word' id='word_1_126' title='bbox 1766 1528 2071 1568; x_wconf 70' lang='lat' dir='ltr'>Choclzluschka</span> 
     </span>
     <span class='ocr_line' id='line_1_18' title="bbox 683 1606 912 1660; baseline -0.017 -13"><span class='ocrx_word' id='word_1_127' title='bbox 683 1610 725 1660; x_wconf 81' lang='lat' dir='ltr'>(a</span> <span class='ocrx_word' id='word_1_128' title='bbox 758 1606 912 1659; x_wconf 75' lang='lat' dir='ltr'>crista).</span> 
     </span>
    </p>

    <p class='ocr_par' dir='ltr' id='par_1_6' title="bbox 539 1679 1367 1735">
     <span class='ocr_line' id='line_1_19' title="bbox 539 1679 1367 1735; baseline -0.008 -9"><span class='ocrx_word' id='word_1_129' title='bbox 539 1683 722 1726; x_wconf 82' lang='lat' dir='ltr'>Ostiacis</span> <span class='ocrx_word' id='word_1_130' title='bbox 751 1685 900 1735; x_wconf 66' lang='lat' dir='ltr'><em>Kdlzy.</em></span> <span class='ocrx_word' id='word_1_131' title='bbox 931 1679 1150 1720; x_wconf 78' lang='lat' dir='ltr'>Lettonice</span> <span class='ocrx_word' id='word_1_132' title='bbox 1179 1680 1367 1719; x_wconf 74' lang='lat' dir='ltr'>Siideast.</span> 
     </span>
    </p>

    <p class='ocr_par' dir='ltr' id='par_1_7' title="bbox 404 1753 2077 2332">
     <span class='ocr_line' id='line_1_20' title="bbox 548 1753 2075 1814; baseline -0.003 -16"><span class='ocrx_word' id='word_1_133' title='bbox 548 1763 596 1799; x_wconf 87' lang='lat' dir='ltr'>In</span> <span class='ocrx_word' id='word_1_134' title='bbox 626 1756 990 1814; x_wconf 74' lang='lat' dir='ltr'>temperatioribus</span> <span class='ocrx_word' id='word_1_135' title='bbox 1021 1755 1190 1795; x_wconf 71' lang='lat' dir='ltr'>Rossiae</span> <span class='ocrx_word' id='word_1_136' title='bbox 1234 1769 1444 1808; x_wconf 79' lang='lat' dir='ltr'>nunquam</span> <span class='ocrx_word' id='word_1_137' title='bbox 1484 1753 1719 1802; x_wconf 75' lang='lat' dir='ltr'>nidulatur‚</span> <span class='ocrx_word' id='word_1_138' title='bbox 1779 1755 1850 1794; x_wconf 84' lang='lat' dir='ltr'>sed</span> <span class='ocrx_word' id='word_1_139' title='bbox 1880 1765 2075 1794; x_wconf 82' lang='lat' dir='ltr'>autumno</span> 
     </span>
     <span class='ocr_line' id='line_1_21' title="bbox 406 1827 2075 1887; baseline -0.002 -14"><span class='ocrx_word' id='word_1_140' title='bbox 406 1834 573 1873; x_wconf 76' lang='lat' dir='ltr'>advolat</span> <span class='ocrx_word' id='word_1_141' title='bbox 603 1831 936 1887; x_wconf 86' lang='lat' dir='ltr'>frequentissima</span> <span class='ocrx_word' id='word_1_142' title='bbox 964 1843 1005 1869; x_wconf 86' lang='lat' dir='ltr'>et</span> <span class='ocrx_word' id='word_1_143' title='bbox 1035 1830 1145 1869; x_wconf 82' lang='lat' dir='ltr'>circa</span> <span class='ocrx_word' id='word_1_144' title='bbox 1174 1830 1324 1867; x_wconf 87' lang='lat' dir='ltr'>Sorbos</span> <span class='ocrx_word' id='word_1_145' title='bbox 1354 1827 1539 1881; x_wconf 82' lang='lat' dir='ltr'>gregaria</span> <span class='ocrx_word' id='word_1_146' title='bbox 1569 1838 1777 1877; x_wconf 86' lang='lat' dir='ltr'>versatur,</span> <span class='ocrx_word' id='word_1_147' title='bbox 1819 1839 1863 1867; x_wconf 87' lang='lat' dir='ltr'>ut</span> <span class='ocrx_word' id='word_1_148' title='bbox 1894 1828 2075 1883; x_wconf 79' lang='lat' dir='ltr'>migrati—</span> 
     </span>
     <span class='ocr_line' id='line_1_22' title="bbox 404 1901 2075 1961; baseline -0.002 -14"><span class='ocrx_word' id='word_1_149' title='bbox 404 1906 494 1948; x_wconf 76' lang='lat' dir='ltr'>onis</span> <span class='ocrx_word' id='word_1_150' title='bbox 531 1918 719 1961; x_wconf 88' lang='lat' dir='ltr'>tempore</span> <span class='ocrx_word' id='word_1_151' title='bbox 749 1903 963 1959; x_wconf 87' lang='lat' dir='ltr'>Petropoli</span> <span class='ocrx_word' id='word_1_152' title='bbox 995 1905 1044 1943; x_wconf 81' lang='lat' dir='ltr'>ab</span> <span class='ocrx_word' id='word_1_153' title='bbox 1076 1901 1299 1956; x_wconf 77' lang='lat' dir='ltr'>aucupibus</span> <span class='ocrx_word' id='word_1_154' title='bbox 1342 1903 1486 1941; x_wconf 82' lang='lat' dir='ltr'>crebro</span> <span class='ocrx_word' id='word_1_155' title='bbox 1516 1901 1702 1955; x_wconf 82' lang='lat' dir='ltr'>capiatur</span> <span class='ocrx_word' id='word_1_156' title='bbox 1730 1913 1772 1941; x_wconf 87' lang='lat' dir='ltr'>et</span> <span class='ocrx_word' id='word_1_157' title='bbox 1802 1917 1954 1942; x_wconf 89' lang='lat' dir='ltr'>venum</span> <span class='ocrx_word' id='word_1_158' title='bbox 1983 1918 2075 1958; x_wconf 86' lang='lat' dir='ltr'>pro—</span> 
     </span>
     <span class='ocr_line' id='line_1_23' title="bbox 407 1975 2075 2033; baseline -0.003 -10"><span class='ocrx_word' id='word_1_159' title='bbox 407 1994 499 2022; x_wconf 79' lang='lat' dir='ltr'>stet.</span> <span class='ocrx_word' id='word_1_160' title='bbox 571 1982 690 2022; x_wconf 83' lang='lat' dir='ltr'>Ultra</span> <span class='ocrx_word' id='word_1_161' title='bbox 722 1980 893 2025; x_wconf 86' lang='lat' dir='ltr'>Camam</span> <span class='ocrx_word' id='word_1_162' title='bbox 923 1979 962 2018; x_wconf 89' lang='lat' dir='ltr'>fl.</span> <span class='ocrx_word' id='word_1_163' title='bbox 994 1989 1036 2017; x_wconf 85' lang='lat' dir='ltr'>et</span> <span class='ocrx_word' id='word_1_164' title='bbox 1064 1977 1263 2016; x_wconf 80' lang='lat' dir='ltr'>Uralense</span> <span class='ocrx_word' id='word_1_165' title='bbox 1294 1979 1433 2029; x_wconf 72' lang='lat' dir='ltr'>jugum</span> <span class='ocrx_word' id='word_1_166' title='bbox 1462 1975 1613 2015; x_wconf 86' lang='lat' dir='ltr'>sensim</span> <span class='ocrx_word' id='word_1_167' title='bbox 1643 1975 1799 2023; x_wconf 87' lang='lat' dir='ltr'>rarior,</span> <span class='ocrx_word' id='word_1_168' title='bbox 1842 1988 1883 2016; x_wconf 86' lang='lat' dir='ltr'>et</span> <span class='ocrx_word' id='word_1_169' title='bbox 1912 1993 1985 2033; x_wconf 89' lang='lat' dir='ltr'>per</span> <span class='ocrx_word' id='word_1_170' title='bbox 2014 1978 2075 2018; x_wconf 84' lang='lat' dir='ltr'>Si-</span> 
     </span>
     <span class='ocr_line' id='line_1_24' title="bbox 408 2051 2077 2110; baseline -0.002 -13"><span class='ocrx_word' id='word_1_171' title='bbox 408 2057 558 2097; x_wconf 71' lang='lat' dir='ltr'>biriam</span> <span class='ocrx_word' id='word_1_172' title='bbox 589 2057 772 2110; x_wconf 83' lang='lat' dir='ltr'>(praeter</span> <span class='ocrx_word' id='word_1_173' title='bbox 800 2051 1197 2093; x_wconf 85' lang='lat' dir='ltr'>Verchoturiensem</span> <span class='ocrx_word' id='word_1_174' title='bbox 1219 2062 1422 2098; x_wconf 76' lang='lat' dir='ltr'>tractum,</span> <span class='ocrx_word' id='word_1_175' title='bbox 1451 2062 1585 2091; x_wconf 83' lang='lat' dir='ltr'>totum</span> <span class='ocrx_word' id='word_1_176' title='bbox 1614 2051 1822 2105; x_wconf 85' lang='lat' dir='ltr'>sylvosum</span> <span class='ocrx_word' id='word_1_177' title='bbox 1850 2063 1892 2092; x_wconf 84' lang='lat' dir='ltr'>et</span> <span class='ocrx_word' id='word_1_178' title='bbox 1921 2063 2077 2093; x_wconf 78' lang='lat' dir='ltr'>monta-</span> 
     </span>
     <span class='ocr_line' id='line_1_25' title="bbox 406 2124 2075 2185; baseline -0.003 -13"><span class='ocrx_word' id='word_1_179' title='bbox 406 2142 532 2181; x_wconf 85' lang='lat' dir='ltr'>num,</span> <span class='ocrx_word' id='word_1_180' title='bbox 564 2130 638 2171; x_wconf 85' lang='lat' dir='ltr'>ubi</span> <span class='ocrx_word' id='word_1_181' title='bbox 666 2144 741 2185; x_wconf 89' lang='lat' dir='ltr'>per</span> <span class='ocrx_word' id='word_1_182' title='bbox 768 2139 901 2168; x_wconf 83' lang='lat' dir='ltr'>totam</span> <span class='ocrx_word' id='word_1_183' title='bbox 931 2138 1129 2167; x_wconf 74' lang='lat' dir='ltr'>aestatem</span> <span class='ocrx_word' id='word_1_184' title='bbox 1158 2127 1399 2181; x_wconf 80' lang='lat' dir='ltr'>f1equentes</span> <span class='ocrx_word' id='word_1_185' title='bbox 1430 2137 1522 2166; x_wconf 80' lang='lat' dir='ltr'>sunt</span> <span class='ocrx_word' id='word_1_186' title='bbox 1535 2130 1565 2180; x_wconf 85' lang='lat'>,)</span> <span class='ocrx_word' id='word_1_187' title='bbox 1611 2124 1776 2166; x_wconf 87' lang='lat' dir='ltr'>nonnisi</span> <span class='ocrx_word' id='word_1_188' title='bbox 1806 2126 2005 2182; x_wconf 78' lang='lat' dir='ltr'>sparsim,</span> <span class='ocrx_word' id='word_1_189' title='bbox 2052 2143 2075 2167; x_wconf 83' lang='lat' dir='ltr'>a</span> 
     </span>
     <span class='ocr_line' id='line_1_26' title="bbox 409 2200 2072 2256; baseline -0.004 -8"><span class='ocrx_word' id='word_1_190' title='bbox 409 2211 520 2247; x_wconf 85' lang='lat' dir='ltr'>Lena</span> <span class='ocrx_word' id='word_1_191' title='bbox 563 2219 661 2246; x_wconf 83' lang='lat' dir='ltr'>vero</span> <span class='ocrx_word' id='word_1_192' title='bbox 706 2202 913 2244; x_wconf 80' lang='lat' dir='ltr'>orientem</span> <span class='ocrx_word' id='word_1_193' title='bbox 954 2217 1091 2242; x_wconf 80' lang='lat' dir='ltr'>versus</span> <span class='ocrx_word' id='word_1_194' title='bbox 1135 2217 1335 2256; x_wconf 82' lang='lat' dir='ltr'>nusquam</span> <span class='ocrx_word' id='word_1_195' title='bbox 1376 2202 1507 2241; x_wconf 86' lang='lat' dir='ltr'>datur.</span> <span class='ocrx_word' id='word_1_196' title='bbox 1591 2200 1851 2255; x_wconf 79' lang='lat' dir='ltr'>Quibusdam</span> <span class='ocrx_word' id='word_1_197' title='bbox 1893 2202 2007 2243; x_wconf 86' lang='lat' dir='ltr'>annis</span> <span class='ocrx_word' id='word_1_198' title='bbox 2049 2217 2072 2242; x_wconf 86' lang='lat' dir='ltr'>e</span> 
     </span>
     <span class='ocr_line' id='line_1_27' title="bbox 410 2276 2076 2332; baseline -0.004 -11"><span class='ocrx_word' id='word_1_199' title='bbox 410 2281 591 2321; x_wconf 78' lang='lat' dir='ltr'>maxime</span> <span class='ocrx_word' id='word_1_200' title='bbox 620 2278 856 2320; x_wconf 82' lang='lat' dir='ltr'>borealibus</span> <span class='ocrx_word' id='word_1_201' title='bbox 884 2292 967 2317; x_wconf 88' lang='lat' dir='ltr'>non</span> <span class='ocrx_word' id='word_1_202' title='bbox 996 2276 1156 2317; x_wconf 83' lang='lat' dir='ltr'>recedit</span> <span class='ocrx_word' id='word_1_203' title='bbox 1185 2287 1227 2316; x_wconf 92' lang='lat' dir='ltr'>et</span> <span class='ocrx_word' id='word_1_204' title='bbox 1258 2291 1434 2332; x_wconf 70' lang='lat' dir='ltr'>aucupes</span> <span class='ocrx_word' id='word_1_205' title='bbox 1472 2277 1713 2322; x_wconf 72' lang='lat' dir='ltr'>frustratur-5</span> <span class='ocrx_word' id='word_1_206' title='bbox 1756 2279 1970 2317; x_wconf 76' lang='lat' dir='ltr'>Aestatem</span> <span class='ocrx_word' id='word_1_207' title='bbox 1998 2276 2076 2317; x_wconf 86' lang='lat' dir='ltr'>ibi-</span> 
     </span>
    </p>
   </div>
   <div class='ocr_carea' id='block_1_6' title="bbox 414 2352 2073 2409">
    <p class='ocr_par' dir='ltr' id='par_1_8' title="bbox 414 2352 2073 2409">
     <span class='ocr_line' id='line_1_28' title="bbox 414 2352 2073 2409; baseline -0.002 -14"><span class='ocrx_word' id='word_1_208' title='bbox 414 2356 510 2396; x_wconf 85' lang='lat' dir='ltr'>dem</span> <span class='ocrx_word' id='word_1_209' title='bbox 551 2353 746 2409; x_wconf 76' lang='lat' dir='ltr'>transigit</span> <span class='ocrx_word' id='word_1_210' title='bbox 776 2363 818 2394; x_wconf 88' lang='lat' dir='ltr'>et</span> <span class='ocrx_word' id='word_1_211' title='bbox 845 2364 944 2393; x_wconf 87' lang='lat' dir='ltr'>tunc</span> <span class='ocrx_word' id='word_1_212' title='bbox 980 2366 1053 2408; x_wconf 86' lang='lat' dir='ltr'>per</span> <span class='ocrx_word' id='word_1_213' title='bbox 1082 2352 1197 2408; x_wconf 78' lang='lat' dir='ltr'>paria</span> <span class='ocrx_word' id='word_1_214' title='bbox 1227 2352 1385 2393; x_wconf 67' lang='lat' dir='ltr'>ocem-Lt</span> <span class='ocrx_word' id='word_1_215' title='bbox 1412 2354 1578 2404; x_wconf 85' lang='lat' dir='ltr'>crebra,</span> <span class='ocrx_word' id='word_1_216' title='bbox 1636 2352 1816 2392; x_wconf 87' lang='lat' dir='ltr'>fistulatu</span> <span class='ocrx_word' id='word_1_217' title='bbox 1844 2352 2073 2406; x_wconf 86' lang='lat' dir='ltr'>interrupto</span> 
     </span>
    </p>
   </div>
  </div>
 </body>
</html>
