2196 2927
863 201 1007 227 ιιι-,ε
1685 204 1775 246 4¹?

320 302 560 359 Torquilla,
591 303 769 344 Brisson.
799 302 944 342 ornith.
973 301 1044 340 IV.
1092 315 1187 356 pag.
1219 316 1255 341 2.
1299 317 1359 358 sp.
1396 319 1428 343 1.
1459 303 1543 344 tab.
1580 320 1612 344 1.
1643 304 1709 359 fig.
1746 322 1778 345 ι.

376 379 550 434 optima.

322 453 537 508 Wryneck
566 467 596 492 s.
624 451 915 506 Torquicolla,
942 450 1058 491 Zool.
1090 451 1180 492 brit,
1220 468 1259 506 p.
1292 458 1356 493 80.
1386 453 1469 494 tab.
1500 454 1545 494 F.
1589 455 1776 496 Latham.

376 544 467 582 syn.
498 529 551 567 II.
582 543 621 582 p.
654 535 744 576 548.
778 527 860 566 cab.
892 534 955 576 24.
988 530 1155 581 optima.

319 607 429 660 Jynx
457 601 693 657 Torquilla,
736 603 824 641 Lin.
854 611 957 655 syst.
987 603 1021 641 I.
1062 617 1159 657 pag.
1198 618 1283 655 172.
1326 601 1454 643 Faun.
1484 618 1543 643 su.
1579 603 1694 645 Edw.
1723 606 1776 645 II.

376 695 415 720 η.
458 696 523 731 97.

320 758 377 795 Le
405 753 582 802 Torcol,
628 754 788 806 Buffon.
826 768 911 796 orn.
945 754 1035 793 VII.
1079 768 1175 809 pag.
1205 760 1269 803 84.
1313 753 1395 794 tab.
1429 760 1468 795 3.
1497 754 1779 795 D’Aubenton.

374 835 477 870 icon.
508 829 592 869 tab.
624 836 716 879 698.

212 903 382 946 Rossice
418 905 707 958 Wertigolofka
737 903 792 957 (i.
825 919 860 945 e.
891 915 1015 961 caput
1041 903 1310 960 intorquens)
1341 915 1384 946 et
1413 919 1435 944 a
1464 919 1566 946 voce
1601 905 1780 951 Tikuum

266 980 311 1020 in
341 979 521 1021 Ucrania
548 981 813 1033 Krutigolow.

242 1059 290 1095 In
319 1055 454 1110 pineis
485 1066 526 1095 et
564 1054 750 1109 abiegnis
793 1054 921 1110 sylvis
963 1056 1213 1101 tenebrosis,
1258 1056 1440 1096 maxime
1468 1055 1541 1096 ubi
1571 1057 1782 1097 abundant

107 1131 371 1172 formicarum
402 1130 561 1178 acervi,
588 1146 661 1185 per
689 1145 855 1171 omnen]
887 1131 1075 1171 Rosslam
1106 1144 1145 1171 et
1178 1131 1393 1181 Sibiriam,
1429 1147 1556 1186 usque
1585 1131 1631 1171 in
1662 1131 1782 1172 Carn-

104 1205 360 1255 tschatcam,
404 1220 487 1245 non
516 1205 754 1260 infrequens
785 1217 868 1252 est,
911 1216 953 1245 et
984 1207 1087 1246 forte
1118 1206 1368 1247 Americana
1411 1206 1552 1262 specie
1594 1221 1678 1247 non
1722 1204 1782 1245 di-

106 1281 367 1336 stinguenda.
424 1278 627 1320 Formicis
656 1280 901 1335 praesertim
931 1279 1112 1320 vi(titat.
1174 1282 1211 1319 V
1211 1297 1266 1321 ox
1296 1282 1380 1321 fere
1410 1280 1686 1328 Tinnunculi3
1717 1294 1784 1320 co-

107 1358 170 1398 lor
200 1354 458 1411 Caprimulgi
488 1366 530 1396 et
559 1355 716 1410 Strygis
747 1355 905 1410 Sec-pis,
976 1356 1143 1396 Collum
1173 1357 1271 1397 dum
1301 1358 1480 1412 praedae
1510 1356 1694 1396 intentus
1723 1365 1784 1395 est

107 1433 175 1472 vel
206 1431 323 1471 vivus
354 1445 477 1470 manu
504 1441 687 1479 tenetur,
720 1429 834 1469 miris
863 1430 996 1471 modis
1027 1442 1069 1470 et
1098 1431 1322 1485 agilissime
1360 1446 1661 1487 quaquaversus
1701 1441 1783 1470 tor-

110 1518 210 1562 quet
238 1518 278 1546 et
308 1516 438 1560 gyrat.
497 1507 602 1545 Pulli
631 1504 740 1544 Julio
771 1506 982 1545 evolantes
1010 1505 1257 1546 infestantur
1287 1506 1564 1561 Hippoboscis
1595 1505 1732 1546 alatis.-

244 1583 285 1621 N
295 1591 390 1621 ota.
449 1581 612 1620 Pondus
640 1578 806 1626 unciae,
850 1595 943 1620 cum
973 1581 1164 1636 scrupulo
1193 1581 1261 1620 vel
1291 1579 1639 1635 sesquidrachma.
1711 1581 1784 1620 Re-

108 1660 234 1710 miges
271 1674 330 1707 ¹9·
360 1660 543 1696 rectrices
578 1673 636 1695 12.
677 1655 749 1694 sed
779 1654 960 1696 extimae
991 1655 1186 1712 exiguae,
1229 1655 1273 1696 in
1303 1656 1434 1696 cauda
1464 1655 1564 1695 alias
1593 1655 1785 1696 rotunda-

109 1742 175 1781 ta,
208 1731 348 1781 molli,
381 1730 652 1785 longiuscula.
724 1731 911 1778 Femora,
955 1743 1000 1771 ut
1029 1731 1279 1780 falconibus,
1323 1731 1551 1783 subjubata.
1621 1730 1785 1770 Plumae

112 1806 278 1847 verticis
307 1806 351 1846 in
382 1807 550 1846 modum
579 1809 724 1846 cristae
754 1805 903 1860 erigit,
947 1808 1057 1861 quod
1085 1807 1129 1846 in
1167 1817 1327 1846 mortua
1356 1820 1439 1845 non
1470 1816 1652 1860 apparet.
1709 1806 1787 1844 Ro-

112 1892 238 1922 strum
264 1882 412 1930 molle,
445 1880 594 1922 conico
624 1880 880 1928 fubulatum,
910 1881 1301 1928 convexiusculum,
1337 1878 1632 1936 compressum.
1702 1880 1790 1920 Na-

112 1961 175 1996 'res
205 1956 427 2010 oblongae,
475 1957 608 1995 nudae
648 1959 746 2009 (quo
776 1956 998 2011 praecipue
1029 1972 1051 1994 a
1080 1955 1190 1996 Picis
1220 1955 1401 2008 differt),
1445 1970 1614 2009 squama
1642 1953 1788 2001 infera,

114 2032 267 2071 lunata.
324 2033 484 2084 Lingua
530 2029 891 2077 lumbriciformis,
935 2029 1175 2084 longissima
1217 2030 1424 2078 omnium,
1469 2029 1661 2069 acumine
1703 2043 1787 2069 cor-

114 2120 220 2153 ne0‚
264 2104 483 2153 aciculari,
535 2119 618 2144 non
660 2103 841 2145 hamato.
912 2105 1037 2145 Pedes
1080 2104 1348 2160 proportione
1389 2103 1513 2159 paulo
1555 2102 1784 2158 longiores,

116 2196 240 2236 quam
286 2179 394 2220 Picis
438 2178 544 2219 aliis.
616 2179 851 2235 LOngitudo
881 2184 1056 2222 intestini
1090 2184 1171 2220 1o''.
1202 2182 1272 2220 6‘''.
1302 2195 1422 2220 coeca
1451 2178 1672 2235 conspicua
1702 2178 1788 2218 nul-

116 2255 176 2304 la,
222 2270 356 2310 neque
396 2260 524 2309 cystis
561 2254 697 2296 fellea.
769 2255 980 2298 Vertebrae
1020 2255 1121 2298 colli
1164 2271 1222 2296 12.
1266 2255 1318 2296 ad
1358 2255 1488 2296 latera
1530 2268 1789 2310 summopere

115 2331 315 2383 mobiles,
346 2332 537 2372 deorsum
564 2345 648 2372 non
677 2330 793 2375 item.
1622 2332 1625 2334 ’

1327 2443 1376 2479 53
