2196 2927
453 197 538 237 280
1214 197 1360 221 Ξ

453 299 602 350 ternis,
636 313 810 356 quorum
842 298 943 349 duo,
990 297 1304 340 semicanalium
1333 297 1482 349 instar,
1528 298 1714 355 superius
1741 299 1994 357 inferiusque
2024 316 2131 343 mea-

446 377 509 416 tui
549 375 753 431 appositi,
800 374 923 415 tertia
962 375 1174 416 nnnularis
1212 373 1397 416 conchae
1436 374 1604 416 insidet.
1677 377 1881 417 Glandula
1917 378 2130 418 avellanae

450 450 739 505 magnitudine
769 450 841 490 vix
872 455 941 491 3²⁰.
972 467 993 490 a
1023 450 1184 491 concha
1215 450 1432 500 distantia,
1466 450 1622 490 meatui
1653 451 1934 506 adglutinata,
1977 469 2131 494 muscu-

448 531 588 582 lusque
618 537 725 566 teres
756 525 993 581 cartilagini
1023 537 1142 566 extus
1172 525 1362 566 insertus.
1431 529 1543 566 Inter
1573 529 1748 568 conchae
1779 542 1922 567 cavum
1952 539 1993 567 et
2023 543 2131 568 mea·

448 613 536 642 tum
568 600 819 641 auditorium
851 607 1041 657 tympani
1070 601 1294 656 vestigium
1325 601 1499 642 nullum.
1560 605 1627 655 (In
1659 601 1828 641 alterius
1859 600 2044 642 conchae
2069 617 2131 642 ca—

452 692 504 717 vo
548 678 753 718 ascarides
802 677 961 732 aliquot
1013 676 1404 731 sesquipollicareS,
1458 688 1569 717 setae
1614 676 1820 726 crassitie,
1863 675 2130 718 rubicundae.

452 755 485 792 E
516 767 616 791 cavo
654 751 838 791 conchae
879 762 1021 806 aperto
1058 751 1165 791 ostio
1208 750 1475 791 continuatur
1519 755 1676 792 canalis
1727 751 1921 806 insigniS‚
1967 767 2132 793 carneo-

454 828 791 874 membranosus,
824 837 961 865 meatu
993 837 1167 865 externo
1199 824 1394 880 amplior,
1427 841 1500 881 per
1529 826 1830 881 pinguedinem
1867 828 1918 866 ad
1948 828 2132 882 palatum

446 902 619 942 tendens
648 904 732 953 (²³),
764 899 892 954 inque
923 915 1096 955 magnae
1128 900 1287 940 fistulae
1318 900 1513 955 spiraculi
1543 901 1661 941 basin
1695 902 1833 956 amplo
1872 900 2031 942 orificio
2062 903 2129 942 de-

450 978 611 1023 sinens,
641 976 760 1016 tubae
790 978 1074 1016 eustachianae
1106 975 1315 1028 analogus,
1382 976 1662 1016 Conchaceum
1691 991 1736 1015 os
1772 975 1929 1030 petrosi
1959 976 2128 1026 mobile,

452 1050 716 1106 longitudine
747 1050 1019 1104 tripollicari‚
1048 1051 1248 1106 pollicem
1279 1050 1428 1099 latum,
1460 1050 1681 1091 introrsum
1708 1050 1996 1099 convolutum,
2028 1066 2131 1092 cavo

450 1127 690 1166 membrana
720 1125 988 1166 obvestitum.
1057 1125 1255 1166 Introitus
1291 1127 1506 1166 conchacei
1543 1130 1686 1166 interni
1721 1124 1878 1165 canalis
1918 1126 2130 1167 obturatus

452 1202 618 1257 stapede
649 1200 783 1240 solido
815 1204 916 1253 (non
947 1200 1110 1255 pervio)
1140 1201 1213 1256 qui
1254 1201 1412 1240 duobus
1455 1201 1651 1241 musculis
1695 1212 1867 1241 externe
1910 1199 1954 1239 in
1996 1200 2130 1242 diver-

453 1293 542 1317 sum
573 1275 777 1314 retinetur
805 1286 846 1314 et
875 1274 1071 1315 cohaeret
1101 1276 1236 1315 incudi
1277 1285 1319 1314 et
1362 1279 1529 1324 malleo,
1575 1290 1749 1330 quorum
1791 1274 1904 1329 prior
1946 1275 2129 1331 aliquam

452 1349 775 1392 similitudinem
813 1366 909 1390 cum
945 1351 1098 1390 incude
1136 1351 1450 1405 quadrupedum
1481 1351 1626 1400 refert,
1672 1351 1775 1390 alter
1811 1362 1873 1390 est
1902 1350 2128 1393 ossiculum

449 1426 649 1474 informe,
683 1437 805 1465 ovato
835 1426 1170 1480 subangulatum,
1201 1425 1460 1480 processibus
1490 1424 1747 1465 destitutum.
1815 1428 1981 1466 Concha
2011 1431 2128 1467 inter-

450 1517 502 1542 na
533 1503 605 1541 vix
635 1502 736 1540 duos
766 1501 973 1540 anfructus
1004 1501 1202 1555 complet.
1261 1501 1435 1540 Canales
1471 1499 1944 1543 semicircularesssnulli.
1965 1526 2020 1533 —
2049 1504 2126 1542 Cu-

446 1582 499 1618 tis
528 1576 572 1616 in
609 1587 699 1616 toto
738 1590 911 1630 corpore
948 1575 1111 1630 glabra,
1155 1574 1385 1623 albissima,
1431 1574 1630 1614 laevitate
1661 1586 1703 1615 et
1732 1577 1913 1616 candore
1944 1577 1995 1615 ad
2024 1577 2125 1616 ebur

446 1652 626 1708 politum
658 1652 880 1700 accedens,
925 1649 1274 1690 translucentibus
1320 1649 1430 1690 striis
1460 1650 1770 1705 subparallelis,
1815 1666 1919 1706 quae
1962 1666 2124 1692 accura-

447 1727 529 1767 tius
558 1726 771 1780 inspectae
803 1725 937 1764 sulcos
968 1723 1236 1764 mentiuntur.
1294 1726 1388 1764 Pori
1426 1723 1642 1778 conspicui
1680 1736 1797 1764 extus
1840 1724 1965 1772 nulli3
2011 1725 2122 1766 sinus

445 1800 605 1842 mucosi
635 1799 754 1839 nulli.
821 1800 903 1838 Sub
933 1799 1212 1853 Epidermide,
1258 1798 1329 1837 vix
1360 1799 1621 1838 semilineam
1651 1813 1802 1847 crassa,
1847 1799 1974 1853 inque
2005 1800 2121 1840 lami—

445 1890 517 1915 nas
549 1873 708 1928 aliquot
736 1872 872 1921 fissili,
917 1876 1127 1912 reticulum
1156 1871 1306 1912 coloris
1337 1872 1622 1927 subplumbei,
1666 1874 1778 1928 quod
1806 1873 1894 1912 cuti
1924 1874 2118 1924 strictius,

447 1964 569 2004 quam
599 1947 855 2003 epidermidi
885 1947 1209 2001 agglutinatum,
1246 1947 1475 1988 crassitiem
1510 1947 1629 1987 unius
1666 1947 1802 1988 lineae
1832 1948 1963 1988 habet
1992 1960 2034 1988 et
2063 1950 2121 1989 fo-

447 2024 586 2065 veolas
616 2023 834 2078 impressas
865 2037 969 2077 quae
1000 2022 1165 2062 reticuli
1196 2022 1378 2078 speciem
1401 2022 1672 2062 mentiuntur.
1731 2025 1814 2063 Sub
1838 2022 1920 2064 hoc
1943 2024 2117 2064 reticulo

444 2098 631 2154 sequitur
660 2102 813 2139 lamina
844 2104 947 2138 cutis
976 2098 1155 2138 cetaceis
1185 2098 1452 2147 animalibus,
1484 2109 1529 2137 ut
1559 2098 1743 2147 videtur,
1783 2100 1950 2154 propria
1980 2111 2021 2140 et
2048 2114 2116 2154 pe-

444 2175 632 2223 culiaris,
665 2173 849 2228 quinque
887 2173 1089 2213 linearum
1133 2172 1317 2213 crassitie
1360 2184 1494 2213 totum
1539 2188 1685 2228 corpus
1727 2173 1977 2223 incrustans,
2020 2188 2114 2213 con-

506 2288 555 2329 (‘)
584 2291 662 2318 Non
703 2297 847 2329 possum
880 2297 950 2318 non
976 2285 1044 2318 hac
1071 2287 1258 2317 occasione
1287 2297 1452 2326 monere,
1493 2286 1580 2317 mihi
1610 2288 1645 2317 in
1675 2288 1835 2320 Cetaceis
1864 2285 2024 2316 omnibus
2051 2294 2111 2315 au-

589 2347 703 2378 dItum
745 2349 956 2388 praesertim
1007 2357 1070 2388 per
1110 2346 1267 2377 fistulam
1315 2348 1583 2388 respiratoriam
1625 2350 1660 2377 et
1698 2346 1790 2377 hanc
1832 2345 1951 2376 tubam
1993 2347 2110 2375 eusta-

588 2405 753 2438 chianam
780 2406 955 2438 credibile
980 2416 1058 2438 esse
1085 2407 1264 2447 exerceri,
1293 2417 1363 2438 non
1392 2417 1454 2448 per
1481 2410 1670 2438 externum
1698 2409 1853 2438 meatum
1880 2403 2107 2436 auditorium.
