2196 2927
435 195 523 234 440

435 291 655 344 interjecto
685 289 829 330 lobulo
859 302 979 331 acuto
992 307 1002 338 ;
1045 293 1173 344 cystis
1202 288 1328 330 nulla.
1397 292 1613 330 Interanea
1655 289 1938 345 pinguissima.
2008 294 2107 334 Ven-

433 369 598 407 triculus
627 364 941 420 panniculosus,
984 364 1145 420 Apibus
1174 363 1549 405 bombinatricibus
1579 364 1822 420 plerumque
1852 368 2022 407 refertus
2051 368 2108 407 la-

430 440 549 484 ceris.
609 441 824 494 Epicardis
858 441 986 480 nulla.
1042 443 1278 481 Intestinum
1322 458 1363 480 10
1396 440 1620 496 pollicum,
1665 440 1736 480 vix
1767 440 1916 480 calami
1945 442 2106 482 corvini

430 530 580 570 capax,
627 514 823 555 distantia
851 515 1042 571 pollicari
1073 518 1123 556 ab
1168 531 1245 556 ano
1289 515 1559 556 constrictum
1600 526 1642 555 et
1682 515 1819 555 coecis
1861 515 2107 556 instructum

428 591 587 630 duobus
617 590 848 645 parallelis,
891 591 1191 638 fusiformibus‚
1233 591 1305 630 vix
1343 590 1472 631 culmi
1501 590 1745 646 capacitate.
1818 594 1865 630 In
1906 590 2105 632 intestino

426 680 636 719 nunquam
668 665 746 705 nisi
778 665 978 721 cliymum
1009 666 1193 706 albidum
1236 682 1384 722 purum
1423 665 1577 722 reperi,
1622 667 1732 706 unde
1762 666 2000 706 verosimile
2030 677 2103 716 est,

428 755 547 780 avem
577 741 725 782 loricas
756 757 879 797 apum
909 756 1125 789 exsuccas,
1155 756 1249 781 cum
1278 742 1472 796 pedibus,
1509 755 1584 797 per
1613 756 1657 781 os
1687 741 1873 795 rejicere.

725 866 806 907 82.
899 864 948 905 M
978 865 1015 905 E
1045 864 1083 905 R
1112 863 1151 904 O
1181 863 1214 903 P
1244 862 1271 903 S
1344 865 1578 919 persica.
1666 863 1805 906 TAB.

561 944 620 983 M.
665 943 967 994 viridissimas,
1014 944 1139 983 fascia
1193 942 1351 983 oculari
1394 943 1672 990 viridi-atra,
1715 944 1809 997 gula
1852 943 2103 999 ferrugineo-

422 1018 545 1066 flava,
578 1018 818 1059 rectricibus
847 1019 1108 1060 intermediis
1138 1017 1354 1073 elongatis.

646 1093 837 1150 Apiaster
867 1093 1278 1149 madagascariensis‚
1323 1096 1503 1135 Brisson.
1542 1110 1625 1135 orn.
1656 1095 1727 1134 IV.
1768 1110 1806 1149 p.
1839 1101 1930 1144 545.
1973 1110 2032 1151 sp.
2063 1112 2101 1147 7.

694 1170 778 1210 tab.
811 1180 875 1220 42.
903 1172 987 1224 fig.
1022 1187 1057 1210 2.

640 1247 809 1300 Merops
839 1246 1149 1300 superciliOSUS,
1180 1247 1267 1285 Lin.
1298 1255 1400 1298 syst.
1432 1247 1465 1285 Ι.
1496 1261 1592 1299 pag.
1630 1251 1716 1285 183.
1754 1260 1814 1299 sp.
1843 1253 1881 1294 4.
1911 1246 2100 1284 Latham.

694 1336 758 1359 av.
788 1322 841 1360 II.
873 1337 911 1374 p.
946 1327 1037 1371 673.
1069 1336 1106 1359 η.
1137 1328 1175 1368 4.

639 1397 807 1450 Merops
836 1395 1017 1450 persica,
1047 1396 1152 1435 Pall.
1183 1398 1268 1434 itin.
1298 1396 1352 1434 ΙΙ.
1384 1411 1477 1450 app.
1510 1411 1548 1450 p.
1580 1401 1672 1447 708.
1709 1410 1746 1434 η.
1785 1400 1843 1434 16.
1875 1394 1957 1434 tab.
1989 1395 2043 1434 D.

637 1468 845 1516 Patirich,
876 1472 1036 1522 Bzfffon.
1068 1485 1151 1509 orn.
1182 1471 1250 1509 VI.
1284 1486 1322 1524 p.
1354 1476 1446 1520 495.

555 1544 726 1597 Gurjevi
757 1556 798 1584 et
826 1543 1146 1594 Astrachaniae,
1179 1546 1230 1584 ad
1260 1560 1372 1584 mare
1403 1544 1645 1600 Caspicum,
1676 1543 1822 1584 ultima
1853 1543 1991 1584 avium
2022 1543 2097 1584 mi-

419 1618 689 1673 gratoriarum
720 1620 911 1667 advenit,
943 1631 984 1659 et
1013 1620 1189 1675 parcius.
1261 1620 1428 1660 Dicitur
1457 1620 1585 1660 instar
1613 1619 1799 1675 Apiastri
1830 1619 2022 1659 cuniculo
2052 1619 2097 1658 in

417 1693 517 1748 ripis
548 1694 779 1750 praeruptis
809 1695 1003 1735 nidulari.
1062 1699 1287 1750 Nunquam
1317 1711 1415 1736 vero
1444 1695 1489 1735 in
1518 1694 1769 1736 borealiores
1796 1694 1917 1734 maris
1942 1692 2096 1748 caspici

415 1769 624 1823 regioneS,
655 1785 749 1810 cum
778 1770 973 1825 Apiastro
1002 1782 1209 1825 evagatur.

549 1866 721 1905 Descr.
780 1866 1025 1919 Magnitudo
1056 1877 1098 1904 et
1128 1866 1258 1904 forma
1296 1863 1494 1919 Apiastri.
1564 1866 1753 1904 Rostrum
1782 1863 1964 1919 nigrum,
2012 1880 2093 1905 ma-

417 1938 518 1978 xilla
547 1939 758 1994 superiore
789 1939 991 1994 longiore.
1050 1941 1175 1979 Frons
1205 1950 1247 1979 et
1274 1950 1426 1979 tractus
1456 1938 1791 1994 supra-ocularis
1817 1954 1985 1994 cyanea,
2018 1942 2091 1981 sed

415 2013 524 2053 circa
554 2024 729 2052 rostrum
760 2015 865 2054 alba.
936 2016 1041 2053 Lora
1079 2013 1194 2068 nigra
1225 2015 1297 2054 sed
1326 2030 1420 2054 area
1451 2016 1501 2054 ab
1532 2015 1663 2055 oculis
1695 2016 1746 2054 ad
1776 2030 1890 2055 aures
1919 2017 2092 2056 obscure

408 2087 582 2138 viridis,
614 2089 687 2128 sub
718 2104 850 2144 eoque
880 2099 1033 2129 tractus
1064 2090 1389 2144 albo-cyaneus.
1457 2091 1562 2130 Gula
1590 2089 1721 2145 prima
1752 2089 1986 2136 flavissima,
2016 2092 2090 2131 sub

415 2164 525 2204 collo
554 2178 649 2203 area
678 2179 824 2218 magna
856 2164 1018 2204 intense
1046 2165 1154 2212 rufa,
1185 2167 1290 2205 flavo
1322 2164 1530 2206 continua.
1603 2167 1758 2221 Corpus
1787 2176 1919 2205 toturn
1949 2165 2090 2220 psitta-

414 2253 488 2278 ceo
505 2238 695 2286 —viride,
728 2254 846 2294 supra
877 2238 1088 2280 obscurius
1119 2252 1160 2280 et
1188 2240 1319 2295 magis
1349 2241 1392 2280 in
1416 2241 1573 2280 luteum
1598 2251 1794 2294 vergente
1819 2241 1970 2290 colore,
2001 2241 2087 2295 plu-

417 2313 493 2352 mis
523 2313 675 2368 passim
705 2314 890 2369 margine
928 2315 1298 2370 glaucescentibus.
1369 2318 1472 2357 Alae
1515 2315 1801 2370 longissimae,
1844 2318 1981 2356 subtus
2012 2315 2086 2353 fer-

413 2386 624 2440 rugineam
655 2395 825 2445 remiges
855 2402 1107 2443 tecti-leemas
1136 2392 1247 2432 late-c
1271 2419 1279 2423 ψ
1298 2391 1469 2442 virides,
1500 2391 1697 2432 interiore
1722 2391 1904 2446 margine
1934 2389 2084 2436 fuscae,
