2196 2927
445 200 526 243 XII

444 338 529 388 jam
566 347 722 392 magna
759 346 817 374 ex
853 341 980 388 parte
1018 334 1323 379 innotuerant,
1363 328 1420 370 Li
1432 337 1634 368 nucleus
1669 325 1888 376 judiciose
1916 338 1976 368 ex
1998 326 2094 370 illis

442 421 685 477 selegerat,
739 418 995 474 praesertim
1033 417 1180 473 quoad
1219 413 1535 471 quadrupeda,
1590 424 1696 452 aves
1735 419 1780 451 et
1816 410 2007 462 insecta,
2044 413 2091 454 in

440 505 534 546 illis
580 502 794 556 Rujum,
848 503 894 543 in
938 502 1007 543 his
1055 497 1586 543 Swaznmerclamium
1631 504 1814 537 secutus
1853 504 1899 537 et
1935 499 2091 539 seriem

440 588 700 644 complevit.
809 589 849 629 A
886 585 1195 628 recentissimis
1239 596 1448 642 generum
1487 580 1893 622 subdivissionibus
1929 589 1975 622 et
2010 595 2091 623 no-

438 674 604 715 minum
642 672 1017 728 multiplicatione
1055 670 1206 711 inutili
1244 681 1415 723 semper
1452 666 1685 716 abhorrui,
1749 680 1881 723 quam
1918 656 2090 708 tantum

440 758 636 800 novandi
675 758 840 813 cupido
869 766 913 798 et
938 755 1208 797 clarescendi
1246 753 1428 810 prurigo
1467 760 1732 810 genuerunt.
1759 776 1823 784 —-
1858 751 2088 794 Rariorum

436 844 706 899 specierum,
744 842 997 898 praesertim
1035 853 1149 896 quae
1188 840 1329 881 minus
1371 840 1481 879 bene
1520 837 1840 879 determinatae
1878 846 1981 879 sunt
2017 838 2088 878 vi-

434 941 531 977 sae,
588 936 633 968 et
669 941 882 968 novarum
928 926 1122 967 omnium
1170 924 1491 979 descriptiones
1529 932 1756 964 accuratas
1794 931 1840 964 et
1875 923 2090 972 omnium,

433 1021 646 1068 quantum
682 1012 835 1068 potui,
876 1025 1034 1059 moreS,
1072 1010 1354 1055 instinctum,
1393 1021 1574 1057 amoreS,
1613 1008 1848 1064 pabulum,
1885 1007 2085 1048 venandi

431 1097 633 1145 modum,
689 1096 968 1153 migrationes
1006 1104 1266 1150 prosecutus
1304 1107 1412 1135 sum.
1509 1092 1795 1134 Anatomicas
1833 1091 2086 1134 adnotatio-

430 1194 506 1221 nes
544 1180 711 1231 adjeci,
748 1180 1005 1235 praesertim
1043 1193 1151 1235 quas
1190 1180 1234 1219 in
1273 1178 1499 1220 Zootomia
1538 1177 1777 1219 desiderari
1814 1177 1945 1230 vidi,
1992 1177 2084 1218 dis-

428 1265 552 1306 secui
591 1265 705 1305 enim
742 1265 833 1305 fere
871 1264 1015 1305 omnia
1053 1265 1361 1320 quadrupedia
1400 1273 1444 1305 et
1481 1277 1614 1312 aves,
1652 1276 1767 1319 quae
1786 1276 1875 1303 sors
1899 1261 2081 1303 obtulit.

430 1349 479 1391 In
516 1349 830 1407 Ornithologia
869 1362 1047 1405 quoque
1084 1349 1406 1391 interaneorum
1444 1348 1712 1391 notabiliora
1750 1355 1967 1389 momenta
1993 1359 2082 1389 non

429 1435 628 1492 neglexi.
754 1433 910 1490 Neque
956 1434 1118 1475 inutile
1166 1435 1335 1476 credidi
1381 1435 1580 1490 pondera
1626 1442 1672 1475 et
1716 1446 1962 1482 mensuras,
2034 1432 2082 1473 in

427 1519 757 1577 vulgatioribus
794 1519 1109 1576 generaliores‚
1165 1520 1210 1560 in
1248 1520 1352 1560 raris
1390 1529 1435 1561 et
1473 1519 1601 1561 novis
1639 1518 1934 1560 accuratiores
1972 1516 2082 1568 adji-

426 1616 549 1653 cere,
613 1618 667 1644 ne
705 1604 948 1659 quidquam
985 1605 1222 1646 desiderari
1258 1606 1423 1658 possit,
1478 1613 1524 1645 et
1560 1613 1611 1644 ut
1649 1618 1708 1644 ex
1745 1603 1925 1644 illorum
1962 1614 2082 1642 com-

425 1687 654 1742 paratione
693 1687 937 1741 aliquando
974 1695 1157 1740 pateat:
1231 1695 1445 1740 quantum
1483 1687 1529 1725 in
1567 1686 1779 1725 mutanda.
1821 1684 2081 1725 animalium

426 1771 567 1817 mole,
640 1770 771 1810 clima
808 1777 854 1810 et
898 1770 1027 1809 locus
1073 1769 1270 1809 valeant.
1377 1769 1629 1809 Varietates
1675 1768 1825 1808 nullas
1871 1768 2078 1825 neglexi,

424 1868 540 1910 quae
569 1854 614 1894 in
652 1853 868 1910 Zoologia
907 1853 1082 1894 maximi
1122 1852 1329 1893 momenti
1367 1862 1485 1893 certe
1523 1860 1638 1893 sunt.
1732 1849 1915 1909 Collegi
1945 1853 2078 1895 etiam

426 1939 603 1980 nomina
651 1938 894 1979 vernacula
940 1937 1226 1979 animantium
1273 1937 1466 1978 omnium
1512 1937 1765 1994 linguarum
1802 1937 1849 1978 in
1886 1937 2075 1993 Imperio

428 2023 681 2064 Ruthenico
719 2023 1001 2070 usitatarum,
1075 2035 1217 2077 eaque
1260 2023 1503 2063 secundum
1557 2022 1759 2078 gentium
1815 2022 2074 2064 affinistates

424 2108 577 2149 ordine
624 2107 815 2162 exposui
861 2115 907 2147 et
952 2106 1195 2147 secundum
1242 2107 1680 2161 pronunciationem,
1753 2108 2074 2164 orthographia

423 2192 884 2249 latino-germanicae
921 2190 1233 2239 convenienti,
1273 2191 1434 2231 litteris
1464 2199 1622 2231 exacte
1653 2192 1852 2246 expressi
1909 2192 2073 2233 ,leones

424 2276 602 2317 additae
640 2284 742 2317 sunt
781 2275 1030 2331 praesertim
1077 2275 1214 2323 tales,
1277 2289 1392 2330 quae
1438 2274 1681 2331 Zoologiae
1728 2278 1962 2333 hucusque
1999 2277 2075 2318 de-

422 2361 615 2403 fuerunt.
706 2360 752 2401 In
790 2373 950 2418 genere
988 2373 1166 2416 operam
1204 2359 1325 2408 dedi,
1364 2368 1415 2401 ut
1452 2360 1566 2401 circa
1605 2359 1785 2416 Species
1814 2361 2069 2403 animalium
