2196 2927
902 185 1050 200 -

1717 190 1804 230 553

406 300 489 327 orn.
532 302 571 342 p.
617 303 702 338 177.
776 285 867 340 Raj.
915 300 980 324 av.
1011 300 1049 338 p.
1093 294 1158 335 74.
1186 300 1223 326 η.
1268 304 1303 339 7.
1372 286 1550 329 Brisson.
1598 303 1684 330 orn.
1729 290 1804 330 ΙΙΙ.

405 377 445 416 p.
479 367 569 410 548.
599 376 660 417 sp.
695 368 732 401 3.
762 362 922 412 Buffon.
955 374 1038 399 orn.
1068 359 1116 400 V.
1148 376 1186 413 p.
1217 368 1307 409 455.

350 438 473 475 Parus
503 436 746 482 coeruleus,
775 436 1047 475 Messerschm.
1079 449 1161 473 orn.
1192 436 1278 474 MS.
1309 436 1382 476 ΙΙΙ.
1417 453 1455 490 p.
1487 444 1580 486 405.

349 513 473 550 Parus
503 512 717 551 coeruleus
747 508 962 556 sibiricus,
995 512 1101 547 Mus.
1131 511 1295 563 Petrop.
1327 513 1355 549 I.
1388 526 1429 564 p.
1461 518 1549 563 378,
1582 528 1618 552 η.
1657 520 1748 564 289.

356 588 478 625 Parus
509 586 698 640 Cyanus,
735 586 836 624 Pall.
866 584 970 623 Νου.
1001 584 1115 622 Com.
1150 583 1252 623 Petr.
1286 585 1397 624 XIV.
1428 602 1466 641 p.
1501 593 1589 628 588,
1621 588 1703 628 tab,
1736 597 1801 630 23,

399 663 483 714 fig.
515 668 552 701 3.

350 738 474 775 Parus
504 735 712 781 knaesok,
742 736 908 790 Lepech.
937 735 1041 775 Nov.
1073 735 1186 775 Com.
1215 735 1374 789 Petrop.
1404 737 1515 777 XIV.
1538 753 1577 792 p.
1601 744 1694 788 498.
1719 739 1803 778 tab.

410 817 470 850 13.
491 811 575 863 fig.
613 827 645 849 1.

348 888 482 924 Azure
513 884 728 924 Titmouse
747 917 755 931 ,
784 886 970 925 Latham.
1001 900 1094 939 syn.
1125 886 1195 925 IV.
1225 902 1264 940 p.
1298 892 1389 927 536.
1420 901 1458 927 η.
1490 893 1528 927 3.

270 959 441 1000 Rossice
472 960 656 999 Knaesok
684 958 996 1014 (prinoipulus).

264 1034 426 1074 Tataris
457 1036 589 1074 kuuk-
608 1035 923 1081 Tsclziwidschi;
961 1035 1198 1077 Baschkiris
1227 1035 1450 1093 kojendsig.

265 1109 477 1164 Mongolis
506 1110 876 1164 Koko-Zichzigai
905 1112 947 1161 (a
977 1111 1146 1159 colore).

242 1186 282 1223 A
313 1185 448 1238 Volga
479 1184 605 1224 fluvio
634 1184 839 1224 orientem
866 1200 1005 1225 versus
1036 1201 1110 1241 per
1138 1201 1305 1227 omnem
1337 1184 1552 1233 Sibiriam‚
1589 1185 1634 1227 in
1662 1188 1806 1229 salice·

131 1258 184 1299 tis
214 1268 256 1297 et
292 1258 529 1298 nemoribns
563 1270 650 1297 tota
679 1258 831 1311 hyeme
878 1272 1054 1313 vagatur?
1075 1272 1117 1301 et
1145 1276 1266 1316 saepe
1298 1261 1584 1315 subgregaria,
1643 1265 1806 1303 Insecta

132 1331 422 1374 subcorticalia
451 1333 567 1385 legit.
631 1334 781 1386 Neque
812 1336 999 1387 Europae
1028 1335 1188 1374 boreali
1218 1337 1334 1374 deest
1353 1367 1361 1379 ‚
1405 1336 1563 1375 etenim
1592 1336 1806 1392 Petropoli

132 1423 222 1448 sero
251 1417 449 1446 autumno
486 1420 559 1461 per
590 1406 757 1446 hortum
791 1422 930 1447 meum
970 1419 1186 1461 vagantem
1215 1409 1259 1448 in
1296 1409 1492 1449 suburbio
1530 1410 1620 1451 vidi
1650 1411 1806 1466 aliquo·

136 1482 229 1523 ties.
307 1483 399 1521 Vox
432 1480 620 1536 pipiens,
662 1480 847 1528 tinnula,
887 1497 982 1522 cum
1016 1482 1134 1522 brevi
1164 1483 1450 1523 modulatione
1471 1517 1480 1530 ‚
1524 1485 1634 1526 inter
1666 1487 1804 1526 volan-

134 1558 246 1597 dum.
317 1557 482 1595 Plumas
515 1555 664 1610 capitis
700 1567 741 1595 et
777 1556 951 1596 cervicis
993 1557 1237 1611 plerumque
1273 1557 1400 1597 instar
1438 1559 1584 1600 cristae
1623 1560 1802 1614 arriguas

133 1630 264 1686 gerit,
296 1642 338 1671 et
364 1630 490 1670 totius
519 1630 702 1685 corporis
731 1630 1017 1686 plumaginem
1045 1631 1140 1670 laxa
1167 1632 1429 1672 tumidulam.
1487 1635 1709 1675 Dormiens
1740 1651 1804 1675 ca-

133 1706 221 1762 pite
249 1707 322 1746 sub
353 1706 416 1745 ala
445 1705 616 1745 condito
645 1706 803 1759 glomer
830 1706 1107 1760 plumularum
1136 1708 1273 1746 refert.
1315 1710 1362 1746 In
1385 1722 1510 1748 cavea
1532 1710 1651 1750 brevi
1679 1710 1802 1765 perit,

134 1793 180 1822 ut
208 1781 398 1836 plerique
429 1779 546 1828 Pari,
578 1780 782 1820 libertatis
814 1791 996 1820 amantes
1028 1780 1227 1821 aviculae.
1291 1782 1537 1835 Deplumati
1565 1800 1710 1839 corpus
1731 1784 1806 1824 vix

136 1856 374 1910 juglandem
405 1864 565 1909 aequat.
622 1855 753 1895 Nidus
782 1855 826 1894 in
855 1853 1124 1894 foraminibus
1153 1857 1342 1895 arborum
1373 1863 1415 1905 4ὲ
1443 1858 1544 1911 poll.
1576 1859 1803 1906 diametro,

138 1944 160 1969 e
191 1943 331 1968 musco
359 1940 539 1983 pennato
568 1929 740 1967 solerter
776 1939 940 1973 textus,
979 1927 1090 1967 intus
1119 1928 1217 1982 pilis
1247 1929 1369 1968 meris
1400 1930 1588 1972 vitulinis
1618 1933 1803 1973 molliter

138 2015 296 2044 stratus.
355 2003 568 2044 Pediculus
598 2002 808 2043 acaroides
837 2001 998 2055 frigoris
1027 2001 1365 2056 patientissimus.

247 2082 436 2120 Descr.
479 2078 722 2131 Magnitudo
752 2076 843 2116 Pari
873 2075 1075 2122 coerulei,
1118 2091 1193 2131 pro
1222 2092 1304 2130 quo
1335 2093 1356 2117 a
1385 2080 1756 2122 Messerschm
1771 2087 1799 2122 z·-

139 2156 235 2195 dio
279 2154 452 2208 aliisque
494 2152 659 2192 habitus
687 2152 790 2192 olim
819 2151 925 2197 fuit3
963 2152 1016 2190 ob
1046 2151 1206 2205 plumas
1238 2163 1377 2192 tamen
1407 2154 1607 2204 laxiores,
1653 2157 1801 2210 quibus

140 2230 225 2269 fere
254 2232 298 2269 P.
329 2229 548 2269 caudarum
577 2229 822 2274 aemulatur,
852 2227 976 2282 paulo
1005 2229 1133 2280 major
1162 2238 1343 2281 apparet,
1405 2230 1594 2270 Rostrum
1636 2230 1800 2270 brevius

141 2302 393 2357 crassiusque
424 2302 529 2343 aliis.
600 2304 757 2357 Lingua
788 2301 1081 2356 cartilaginea,
1125 2301 1274 2356 plana,
1319 2302 1389 2342 vix
1418 2316 1647 2345 extrorsum
1678 2321 1799 2360 angu-

140 2388 243 2419 stata
256 2408 270 2427 ,
306 2377 448 2419 biloba
465 2409 476 2430 ,
516 2377 622 2420 lobis
651 2378 706 2419 tri
736 2379 803 2420 vel
831 2377 1088 2435 quadrisetis.
1146 2379 1302 2433 Caput,
1343 2379 1498 2419 collum
1527 2391 1569 2420 et
1597 2381 1682 2422 avis
1711 2382 1800 2422 sub·

1313 2449 1362 2486 70
