2196 2927
898 187 1041 211 --·-—-
1715 185 1800 227 305

131 287 275 338 retuli,
306 301 449 329 eorum
478 287 549 328 vix
579 288 751 329 dubium
779 288 908 328 ullum
941 284 1047 325 mihi
1077 284 1321 340 superfuisse
1352 296 1486 327 certus
1515 300 1624 334 sum,
1655 287 1803 329 multo<

132 364 210 405 ties
241 365 404 404 collatis
436 375 647 404 auctorum
677 360 1041 417 descriptionibus.

267 440 424 479 Mirum
452 437 587 478 videri
623 439 767 484 debet,
809 437 920 491 quod
959 434 1003 474 in
1046 437 1210 490 Europa
1251 434 1559 489 vulgatissimae
1600 439 1802 492 quaedam

131 515 159 554 S
168 525 210 554 tr
219 531 324 568 ygu
336 531 374 554 m
401 517 571 568 species,
613 511 657 551 in
686 511 786 551 Asia
817 510 976 551 boreali
1004 525 1136 565 paene
1167 509 1382 557 deficiant,
1421 510 1522 550 licet
1559 512 1802 555 alimentum

131 600 339 643 suppetat3
389 599 430 627 et
472 587 576 626 aliae
607 598 749 627 contra
778 587 1000 626 succedant
1028 600 1159 625 novae
1189 585 1233 624 in
1263 587 1426 639 Europa
1456 585 1635 638 ignotae.
1706 591 1802 644 Spe-

129 663 212 703 cies
242 677 444 718 europeae
475 673 636 702 nostrae
667 663 829 702 Faunae
858 660 1101 717 praesertim
1130 661 1379 714 denegatae,
1418 658 1526 699 mihi
1554 663 1700 702 saltem
1729 679 1803 718 per

130 738 391 793 septennium
421 736 642 777 continuae
672 736 905 777 venationis
935 751 1018 776 non
1055 736 1239 783 oblatae,
1285 745 1395 774 sunt:
1435 738 1564 789 Stryae
1598 739 1803 789 flammea

129 824 170 851 et
199 813 383 854 stridula.
443 812 638 867 Propriae
668 811 847 852 borealis
874 823 1037 852 nostrae
1067 810 1192 850 Asiae
1222 821 1334 850 sunt:
1372 812 1411 850 S.
1447 812 1655 854 Uralensis
1683 825 1724 853 et
1753 818 1805 854 si·

127 887 266 927 birica.
325 888 579 929 Communes
617 902 711 927 cum
753 887 934 927 maxime
977 886 1213 926 borealibus
1256 889 1445 942 Europae
1487 899 1529 927 et
1567 887 1802 938 Americae,

127 961 227 1002 licet
256 962 408 1002 nullibi
439 977 569 1017 aeque
599 962 811 1017 copiosae,
851 977 896 1002 ac
927 962 970 1001 in
1000 961 1138 1001 media
1168 960 1341 1009 Sibiria,
1382 963 1422 1001 S.
1454 973 1602 1016 nyctea
1631 974 1674 1003 et
1706 964 1803 1005 Ulu-

124 1040 179 1077 la.
204 1063 249 1068 —-
285 1038 440 1078 Omnes
471 1049 679 1078 caeterum
709 1039 877 1091 Str-yges
906 1037 951 1078 id
970 1052 1188 1077 commune
1219 1035 1398 1084 habent,
1429 1039 1539 1092 quod
1562 1037 1690 1080 iratae
1721 1053 1802 1079 ma-

129 1110 247 1152 xillis
279 1112 437 1152 collisis
467 1112 673 1169 crepitent
702 1127 796 1153 cum
826 1111 963 1153 sibilo.

625 1259 667 1288 1.
760 1244 1064 1287 STRYX
1152 1246 1310 1288 Buba.

243 1337 283 1377 S.
315 1337 466 1385 aurita,
498 1336 791 1385 fulvo-varia,
821 1336 977 1391 remige
1002 1336 1268 1391 sesquialtera
1294 1347 1473 1384 servata,
1504 1337 1631 1389 alula,
1660 1341 1802 1382 tectri-

128 1411 325 1467 cibusque
354 1412 610 1452 subalaribus
641 1412 759 1466 apice
790 1411 931 1466 nigris.

342 1488 459 1527 Bubo
489 1489 720 1527 Auctorum
751 1486 957 1535 omnium,
990 1488 1168 1528 Brisson.
1198 1490 1341 1527 ornith.
1372 1489 1404 1527 I.
1449 1504 1544 1543 pag.
1575 1498 1666 1543 477.
1710 1493 1802 1533 Lin.

398 1571 502 1615 syst.
534 1564 566 1599 I.
598 1578 636 1616 p.
675 1569 760 1602 131.
790 1577 849 1615 sp.
890 1579 919 1600 ι.
952 1563 1102 1601 Frisch.
1134 1578 1198 1602 av.
1229 1563 1311 1602 tab.
1343 1568 1415 1612 93!

340 1637 457 1676 Bubo
487 1635 764 1682 atheniensis,
793 1636 993 1676 Edwards
1017 1640 1154 1690 glean.
1185 1639 1218 1675 I.
1249 1654 1288 1693 p.
1320 1644 1384 1688 37.
1415 1637 1498 1677 tab.
1531 1655 1622 1691 227.

341 1713 397 1750 Le
427 1713 519 1751 Duc
550 1726 602 1751 ou
631 1712 760 1765 grgand
789 1710 947 1760 Hibou‚
979 1714 1139 1764 Bufson.
1174 1714 1316 1751 ornith.
1347 1714 1380 1750 I.
1413 1729 1451 1767 p.
1484 1720 1575 1754 332.
1618 1715 1702 1755 tab.
1734 1733 1797 1758 22.

396 1786 626 1840 (pessima.)
670 1787 885 1826 D’aubent.
917 1791 1018 1826 icon.
1055 1791 1178 1827 color.
1209 1787 1291 1826 tab.
1322 1794 1416 1836 435.

342 1862 594 1901 Greateared
625 1862 741 1909 Owl,
774 1863 959 1902 Lacham.
989 1878 1080 1916 syn.
1112 1879 1175 1902 av.
1206 1864 1238 1901 I.
1270 1879 1309 1917 p.
1347 1869 1432 1902 116.
1462 1878 1522 1918 Sp.
1559 1882 1589 1903 1.

284 1938 326 1980 Β.
358 1937 481 1989 Stryx
513 1937 730 1977 scandia-ca
760 1939 847 1976 Lin.
877 1949 980 1991 syst.
1012 1940 1043 1977 Ι.
1075 1954 1170 1992 pag.
1209 1945 1294 1978 132.
1333 1953 1393 1991 sp.
1427 1954 1463 1976 2.
1494 1939 1620 1979 Faun.
1656 1954 1716 1980 su.
1744 1942 1798 1980 ΙΙ.

339 2025 375 2049 η.
408 2028 472 2062 70.
518 2014 706 2051 Latham.
736 2026 827 2064 syn.
860 2027 923 2051 av.
953 2014 986 2050 I.
1018 2029 1056 2066 p.
1096 2028 1179 2050 120.
1218 2027 1278 2066 sp.
1310 2018 1347 2052 3.

234 2083 374 2122 Russis
413 2086 536 2140 vulgo
568 2088 674 2126 Filin
705 2097 747 2125 et
776 2088 983 2139 Bugulem
1024 2086 1283 2132 Malorossis,
1329 2086 1519 2127 Cosaccis
1549 2099 1591 2127 et
1619 2087 1663 2128 in
1693 2090 1798 2131 Sibi-

288 2156 346 2197 ria
376 2159 528 2213 passim
558 2162 762 2213 Pugatsch
792 2160 838 2211 (i.
870 2175 905 2199 e.
937 2159 1146 2212 terrifica).
1205 2161 1364 2200 Tataris
1393 2163 1611 2208 Jaebalczk;
1650 2165 1797 2204 monti—

288 2233 390 2273 colis
422 2233 599 2274 Sibiriae
641 2236 747 2289 Ugiz.
822 2233 1058 2273 Baschkiris
1104 2235 1208 2276 Uiku
1252 2240 1293 2289 (a
1322 2246 1465 2286 voce);
1505 2237 1658 2278 Jacutis
1709 2240 1796 2290 Yss‚

289 2310 355 2348 vel
386 2309 731 2364 Uel-pyrgalak,
778 2310 848 2362 (ab
879 2309 1061 2359 auribus,
1107 2325 1204 2365 quas
1240 2310 1313 2350 illa
1343 2325 1441 2365 gens
1469 2311 1513 2352 in
1544 2313 1676 2353 mitris
1704 2314 1797 2354 imi-

288 2387 436 2436 tatur),
480 2384 583 2426 item
630 2386 842 2439 Uehgz'c'rae
887 2388 928 2437 (a
956 2388 1093 2438 voce).
1164 2386 1374 2440 Mongolis
1416 2389 1797 2431 Sclzara-Schabzin

1302 2468 1352 2513 39
