2196 2927
931 173 1073 196 Σ
1745 165 1828 213 265

170 272 385 314 suluisset?
430 273 764 329 Descriptionem
808 282 1037 311 accuratam
1066 271 1223 325 Onagri
1264 271 1348 313 vid.
1379 271 1422 312 in
1452 271 1556 312 locis
1586 288 1607 312 a
1637 287 1702 312 me
1732 272 1831 313 cita<

165 347 241 395 tis;
273 352 417 389 Icones
448 360 585 388 autem
616 347 686 388 hic
716 357 902 402 repetere
933 345 1065 384 visum
1094 356 1155 384 est
1185 347 1392 387 coloribus
1422 348 1657 387 illustratas.

301 426 357 473 78.
387 425 491 464 Muli
521 435 642 477 atque
671 423 794 460 Hinm'
825 421 934 474 apud
964 434 1036 459 nos
1066 420 1238 474 produci
1272 419 1383 461 haud
1414 423 1570 472 solent,
1615 435 1658 464 et
1685 425 1831 466 Judaei

163 508 285 551 atque
314 498 455 537 Tatari
485 498 576 550 lege
618 502 795 535 mosaica
837 493 1097 549 prohibitum
1140 505 1287 549 putant
1330 494 1510 549 hybrida
1553 497 1703 539 elicere
1748 500 1831 539 ani-

164 572 278 612 mali.
336 572 527 612 Sinenses
558 581 806 610 mercatores
838 571 1047 609 adducunt
1077 584 1215 609 sccum
1245 569 1424 617 Hinnos,
1455 572 1742 625 magnitudine
1771 574 1831 614 in-

163 657 227 686 ter
255 661 400 701 parvos
444 660 571 700 equos
609 657 651 685 et
693 645 851 684 asinum
897 645 1172 685 domesticum
1215 645 1372 694 media,
1416 660 1536 685 cursu
1579 647 1830 698 celerrimos,

161 722 290 761 cauda
320 720 491 775 equina,
525 721 688 761 auribus
719 721 1019 767 mediocribus,
1057 720 1264 760 variorum
1293 721 1492 760 colorum.
1520 745 1574 751 —
1611 722 1748 761 Mulos
1779 738 1832 762 ex

161 811 265 850 equa
295 810 414 850 posse
444 796 630 849 generari
659 800 740 849 jam
771 798 968 837 Plinius
997 811 1019 835 e
1052 799 1302 835 Graecorum
1333 795 1613 835 monumentis
1645 796 1832 851 prodidit

159 883 200 910 et
217 870 393 909 hinnum
411 872 612 926 appellari
630 873 741 927 quod
756 887 808 910 ex
824 886 872 911 ea
889 871 1036 926 copula
1052 870 1233 910 nascitur
1249 873 1358 923 (hist.
1378 881 1459 910 nat.
1475 872 1545 911 lzb.
1566 872 1676 910 VIII.
1694 888 1727 910 c.
1746 875 1830 923 69.)

162 960 269 985 nunc
298 956 341 985 et
369 947 502 986 mulos
530 962 583 986 ex
614 962 740 1001 equa,
775 957 816 986 et
845 962 997 1001 equum
1028 946 1268 1001 asinumque
1299 960 1321 985 e
1351 947 1461 986 mula
1490 947 1713 986 foecundos
1744 960 1830 986 esse

161 1022 400 1073 confirmata
430 1036 492 1062 res
523 1033 603 1072 est,
636 1033 678 1062 et
706 1022 842 1077 proles
873 1022 1003 1061 forma
1034 1023 1085 1061 ad
1114 1021 1323 1076 potiorem
1352 1032 1569 1077 parentem
1598 1021 1720 1062 redit.

724 1193 886 1243 XXX
980 1194 1011 1243 S
1056 1193 1100 1241 U
1145 1195 1184 1241 h„
1225 1192 1255 1241 S

292 1353 414 1394 Suilli
460 1353 623 1409 generis
665 1354 788 1394 unica
830 1364 990 1393 tantum
1033 1351 1193 1408 species
1235 1366 1310 1407 per
1353 1365 1521 1391 omnem
1552 1353 1758 1405 Europam
1788 1361 1832 1392 et

159 1427 303 1468 Asiam
347 1429 623 1470 borealiorem
667 1440 893 1484 spontanea
937 1439 1018 1476 est,
1064 1427 1290 1481 Europaeis
1332 1425 1555 1482 praecipue
1601 1425 1832 1466 domestica

159 1501 285 1551 facta,
329 1505 668 1558 quandoquidem
712 1503 903 1543 asiaticae
941 1514 1084 1558 gentes
1114 1502 1358 1557 pleraeque,
1401 1512 1486 1540 tam
1530 1500 1829 1551 Mahometani‚

161 1591 284 1630 quam
314 1577 579 1628 idololatrae,
611 1588 773 1633 praeter
802 1577 1087 1631 Mongolicam
1119 1586 1284 1630 gentem
1314 1586 1355 1614 et
1385 1575 1520 1623 Sinas,
1567 1576 1616 1614 ab
1646 1590 1717 1614 esu
1746 1590 1829 1615 car-

156 1651 219 1690 nis
250 1652 395 1692 suillae
426 1654 648 1694 abstinent,
708 1657 785 1692 Pro
816 1652 977 1692 diversa
1014 1663 1149 1690 autem
1179 1649 1316 1704 specie
1345 1650 1581 1704 ponendam
1612 1665 1698 1689 esse
1727 1661 1829 1705 puto

155 1726 273 1766 Suem
302 1729 497 1778 indicum,
530 1730 638 1784 apud
668 1743 740 1767 nos
772 1727 904 1766 minus
935 1725 1070 1766 adhuc
1101 1727 1332 1779 vulgarem,
1362 1741 1382 1764 a
1407 1723 1515 1763 Sinis
1549 1723 1593 1763 in
1618 1724 1827 1774 Sibiriam‚

159 1812 198 1839 et
231 1817 339 1842 nunc
370 1803 496 1842 etiam
527 1819 578 1843 ex
608 1803 760 1857 Anglia
792 1802 835 1841 in
866 1801 1146 1841 occidentales
1178 1800 1347 1839 Rossiae
1388 1798 1577 1853 regiones
1619 1797 1827 1839 introduc-

160 1886 263 1925 tam,
307 1891 412 1930 quae
454 1889 541 1918 tota
585 1880 714 1919 forma
750 1894 772 1917 a
803 1876 961 1931 vulgari
991 1875 1129 1932 specie
1159 1875 1255 1915 satis
1295 1875 1457 1923 differt,
1501 1872 1690 1929 quamvis
1733 1888 1828 1914 cum

159 1950 232 1990 illa
262 1951 382 1991 facile
411 1965 592 2006 generet.

612 2054 721 2104 139.
819 2049 845 2088 S
875 2047 915 2088 U
944 2047 970 2088 S
1051 2059 1369 2102 europaeus.

298 2146 336 2184 S.
369 2146 489 2184 dorso
519 2146 616 2185 setis
646 2145 836 2190 cristato,
866 2145 994 2182 cauda
1024 2153 1173 2182 retorta
1204 2153 1350 2181 setosa.

379 2222 451 2259 Sus
482 2219 660 2274 vulgaris
691 2230 922 2267 auctorum,
966 2219 1124 2257 Gesner.
1169 2217 1309 2272 quadr.
1354 2233 1393 2271 p.
1426 2223 1516 2268 982.
1560 2217 1648 2274 Raj.
1680 2219 1820 2272 quad-r.

430 2311 524 2350 pag.
557 2312 620 2345 92.

383 2372 456 2410 Sus
487 2371 645 2419 Scrofa,
676 2372 762 2410 Lin.
793 2379 895 2424 syst.
925 2370 1018 2408 XII.
1048 2370 1080 2407 I.
1111 2383 1149 2421 p.
1179 2384 1263 2407 102.
1293 2383 1353 2423 sp.
1385 2385 1416 2408 1.
1447 2368 1612 2408 exclusa
1641 2372 1768 2410 variet
1783 2387 1820 2418 γ.

1342 2450 1391 2494 34
