2196 2927
900 176 1042 200 =
1718 171 1802 218 283

142 274 304 315 auditus
347 273 538 330 Delphini
578 275 803 324 Leucaczis,
847 289 942 314 cum
982 276 1178 314 Rosmaro
1221 277 1475 332 comparati,
1520 292 1692 334 quarum
1734 276 1806 318 hic

139 349 323 404 sequitur
351 349 597 404 explicatio:

253 442 285 464 ι.
315 425 510 478 Organon
540 424 702 463 auditus
733 438 754 462 e
786 426 1003 468 Rosmaro,
1034 422 1183 463 litteris
1213 424 1493 479 designatum:

302 501 353 538 A.
413 485 469 539 Os
499 499 745 538 temborum.
966 501 1012 538 B.
1072 499 1129 538 Os
1160 509 1400 553 petrorsum.

299 575 352 612 D.
411 572 589 611 Musculi
620 571 738 611 varii.
958 576 1007 615 E.
1067 572 1234 614 Cavitas
1263 573 1474 630 tympani,
1504 573 1628 629 inqua

299 661 334 686 e.
367 647 542 685 Malleus
574 646 617 686 in
648 646 729 686 situ
759 657 800 686 et
830 662 941 687 nexu
970 662 1041 688 suo
1069 646 1300 688 adhaerens

298 721 326 760 f.
358 722 619 761 membranae
650 720 853 776 tympani.

299 797 344 836 F.
404 799 566 835 Meatus
597 795 824 835 auditorius
855 807 1067 843 externus,
1107 795 1472 852 longitudinaliter
1503 796 1723 846 dissectus,
1765 798 1809 839 in

379 885 460 924 quo
490 870 582 925 pori
612 870 747 910 crebri
777 881 817 909 et
848 870 942 910 villi
971 871 1199 926 conspicui.

299 959 336 998 g.
366 948 571 999 Apertura
601 956 757 984 meatus
786 957 971 984 externa.

299 1021 348 1059 G.
409 1018 584 1073 Insignis
615 1035 762 1059 nervus
793 1021 843 1059 ad
873 1035 1011 1060 aurem
1041 1020 1246 1061 internam
1276 1021 1466 1062 tendens.

298 1097 389 1133 HH.
448 1093 686 1134 Ossiculum
715 1094 898 1140 incudis3
932 1098 983 1134 II.
1015 1095 1211 1142 Malleus3

300 1171 385 1207 KK.
445 1170 607 1222 Stape83
638 1172 685 1207 K.
718 1168 832 1208 idem
862 1184 987 1208 nervo
1018 1170 1259 1208 adhaerens.

296 1245 376 1281 LL.
435 1243 492 1282 Os
523 1253 773 1297 petrorsum,
805 1242 967 1282 diverso
996 1243 1097 1290 situ,
1130 1243 1357 1297 integrum3

298 1319 405 1356 MM.
449 1317 687 1358 diffractum
716 1317 852 1364 idem,
882 1329 924 1357 ut
956 1317 1130 1358 cochlea
1161 1328 1369 1372 appareat.

242 1409 280 1432 2.
312 1391 491 1431 Auditus
521 1407 719 1446 organum
749 1407 770 1432 e
800 1392 1016 1446 Delphino
1046 1394 1256 1432 Leucade:

297 1467 386 1520 Fzg.
423 1485 454 1506 1.
513 1469 717 1520 Apertum
748 1478 918 1506 externa
951 1466 1077 1513 auris,
1110 1482 1205 1506 cum
1235 1466 1414 1506 dissecto
1444 1465 1806 1521 longitudinaliter

378 1552 512 1579 meatu
546 1540 764 1580 auditorio.

299 1615 388 1669 th.
421 1632 455 1655 2.
515 1616 572 1655 Os
601 1627 855 1670 temporum,
898 1630 991 1654 cum
1028 1626 1214 1669 petroso,
1257 1613 1457 1654 interiore
1497 1616 1624 1655 latere
1655 1615 1802 1665 visum,

377 1705 471 1729 cum
512 1692 610 1730 tuba
648 1689 934 1736 eustachiana‚
978 1700 1092 1744 parte
1129 1689 1338 1743 tympani,
1378 1689 1421 1728 in
1451 1693 1564 1742 cujus
1594 1705 1695 1730 cavo
1726 1703 1802 1730 sta-

375 1780 446 1820 pes
476 1766 652 1811 adfixus3
684 1764 806 1804 simul
837 1764 949 1804 nervi
982 1765 1033 1803 ad
1064 1778 1203 1802 aurem
1232 1764 1435 1802 internam
1466 1765 1697 1804 tendentes.

294 1840 384 1894 Flg.
417 1847 452 1880 3.
512 1842 569 1881 Os
606 1851 836 1895 petrorsum
878 1840 1151 1885 denudatum,
1194 1853 1288 1876 cum
1331 1838 1488 1884 nervis,
1532 1849 1573 1877 et
1615 1838 1659 1877 in
1701 1853 1802 1880 cavo

376 1915 565 1970 tympani
596 1913 828 1968 conspicuis
859 1913 1072 1959 ossiculis,
1103 1912 1275 1959 malleo,
1313 1911 1465 1951 incude
1495 1924 1536 1951 et
1564 1914 1747 1966 stapede.

297 1989 386 2041 Fzg.
418 1998 455 2038 4.
480 2005 517 2028 α.
535 1990 571 2029 b.
602 1990 661 2028 Os
677 2000 905 2043 petrorsum
921 1988 1138 2041 integrum,
1156 1988 1204 2026 ab
1224 1997 1396 2040 utroque
1413 1987 1540 2025 latere
1556 1998 1798 2041 spectatum.

300 2064 390 2115 Fzg.
422 2071 459 2104 5.
517 2065 713 2115 Ejusdem
743 2078 834 2117 pars
864 2063 1051 2110 effracta,
1082 2072 1128 2101 ut
1156 2072 1352 2116 appareat
1381 2066 1553 2101 concha.

298 2138 387 2190 Eg.
419 2144 456 2177 6.
514 2137 750 2177 Ossiculum
778 2136 940 2182 mallei,

300 2213 388 2265 Eg.
420 2229 457 2263 7.
515 2211 682 2250 Incudis
713 2222 754 2250 et

300 2287 390 2340 Fzg.
423 2293 460 2327 8.
520 2286 732 2340 Stapedis,
761 2285 876 2325 vario
906 2284 998 2324 situ.

301 2363 390 2417 fag.
419 2380 457 2415 9.
516 2363 659 2417 Stapes
689 2375 836 2416 magno
874 2374 999 2401 nervo
1029 2356 1269 2401 adhaerens.

1317 2439 1336 2458 ἢ
