2196 2927
374 299 541 340 magnas
585 285 777 338 ambages
819 282 863 323 in
906 281 1106 323 circulum
1148 292 1303 322 euntes.
1374 282 1543 324 Fluvios
1586 286 1758 337 majores
1800 287 2045 343 plerumque

376 362 525 401 eodem
553 359 773 415 quotannis
810 359 904 399 loco
944 369 1127 408 tranant,
1171 357 1314 398 solitos
1344 357 1530 398 tramites
1560 360 1797 414 sequendo,
1843 361 1916 415 qui
1944 361 2041 404 ideo

376 437 506 477 fossae
536 435 665 475 instar
701 435 877 491 pedibus
915 434 1104 474 excavati
1135 445 1368 474 cernuntur.
1441 433 1509 474 Sic
1541 436 1735 489 Anadyr,
1779 435 2049 489 Indigirkam,

376 515 543 556 Janam,
574 514 828 566 Kovymam,
859 514 1036 557 Lunam,
1065 510 1248 558 Olenek‚
1292 509 1518 557 Jeniseam,
1563 511 1702 550 Obum
1730 509 1964 564 trajiciunt,
2007 523 2048 554 et

378 586 423 626 in
453 601 503 626 eo
531 589 705 640 trajectu
735 586 857 626 multi
887 602 909 626 a
946 585 1210 626 venatoribus
1252 585 1407 639 scapha
1448 583 1600 632 vectis,
1644 585 1689 625 in
1733 585 1874 626 medio
1917 587 2049 634 alveo,

374 660 505 702 hastis
552 661 826 702 conficiuntur
867 661 947 702 nisi
990 663 1152 701 fortuna
1195 659 1379 709 dederit,
1421 672 1466 700 ut
1508 659 1643 701 adhuc
1685 660 1839 714 glacies
1881 673 2051 716 pontem

376 738 586 792 praebeat.
656 736 841 790 Migrant
871 747 1008 776 autem
1053 750 1171 782 vere,
1212 734 1420 775 distinctis
1451 737 1703 791 agminibus,
1746 736 1880 791 primo
1911 737 2054 777 foemi-

378 826 455 852 nae
486 826 579 850 cum
610 810 815 861 hinnulis,
846 822 888 850 et
916 811 1041 865 paulo
1071 821 1164 864 post
1194 825 1324 849 mares
1349 812 1494 850 adulti.
1554 811 1782 866 Capinntur
1803 811 1902 852 alias
1927 811 2055 851 etiam

378 903 400 926 a
428 885 630 940 Jucagiris
667 886 825 941 magnis
855 886 1011 925 retibus
1041 883 1166 923 loreis
1196 884 1398 924 dealbatis
1441 885 1482 924 in
1527 886 1624 926 nive
1654 885 1836 935 statutis,
1878 885 1923 926 in
1952 901 2052 941 quos

379 961 561 1001 clamore
605 973 647 1001 et
689 962 880 1008 canibus,
923 974 1024 1015 quos
1068 961 1290 999 admodum
1328 959 1498 1010 timent,
1531 962 1858 1016 compelluntur,
1903 961 1970 1001 vel
1999 962 2057 1002 la.-

379 1034 499 1091 queis
528 1036 638 1076 inter
668 1038 832 1077 arbores
863 1034 1086 1090 suspensiS‚
1119 1034 1326 1089 variisque
1358 1035 1466 1075 dolis
1495 1035 1599 1075 aliis.
1658 1034 1855 1076 Inimicos
1878 1051 2058 1092 praeser-

379 1110 457 1150 tim
486 1109 647 1151 habent
675 1115 801 1153 Ursos
832 1122 873 1153 et
903 1112 1103 1159 Gulones,
1137 1110 1208 1165 qui
1237 1111 1289 1151 iis
1319 1112 1416 1152 dolo
1446 1110 1657 1160 insiliunt,
1687 1114 1824 1166 Lupos
1846 1122 1889 1151 et
1913 1122 1959 1151 ut
1981 1112 2057 1152 fer-

376 1197 443 1226 tur
472 1186 601 1226 etiam
630 1187 894 1233 Erminenm,
925 1188 1037 1242 quod
1065 1186 1109 1226 in
1140 1202 1279 1226 aurem
1309 1186 1463 1227 dicitur
1490 1186 1692 1241 irrepere,
1720 1197 1766 1226 ut
1794 1185 1984 1226 Aleibus.
2004 1210 2059 1217 ·-

379 1264 445 1302 De
475 1262 666 1301 Tarando
696 1261 937 1317 Lapponico
968 1272 1141 1315 egerunt
1185 1261 1328 1310 multi,
1373 1272 1466 1300 ante
1497 1274 1639 1301 omnes
1669 1259 1824 1300 eximie
1854 1263 1919 1302 Ill.
1950 1263 2059 1300 Lin-

379 1352 557 1384 naeus,
587 1337 661 1376 sed
690 1350 814 1376 nemo
844 1335 971 1376 fusius
1002 1347 1096 1376 ante
1126 1351 1192 1375 me
1223 1339 1282 1388 (ss)
1313 1337 1364 1375 de
1388 1335 1576 1376 Sibiricis
1599 1334 1838 1391 scripserat3
1869 1346 1912 1375 et
1935 1351 2059 1390 quan-

380 1412 607 1467 doquidem
636 1409 682 1451 hi
712 1411 998 1466 magnitudine
1041 1412 1216 1450 multum
1261 1412 1466 1451 excedant
1506 1410 1769 1465 lapponicos,
1814 1419 1856 1451 et
1897 1409 1969 1451 hic
2011 1411 2056 1451 in

379 1501 475 1534 vera
505 1487 662 1542 speciei
692 1487 824 1543 patria
857 1486 1052 1527 videntur
1081 1501 1189 1533 esse,
1234 1501 1315 1525 non
1357 1484 1508 1525 inutile
1550 1486 1637 1525 fore
1681 1485 1844 1525 credidi
1874 1485 2056 1539 adjicere

380 1561 558 1602 Obensis
589 1562 801 1602 varietatis
831 1565 946 1613 cujus
988 1565 1160 1602 Iconem
1200 1563 1265 1602 Ill.
1296 1561 1569 1602 Schrebero
1613 1559 1942 1611 communicavi,
1989 1561 2056 1601 de·

379 1636 655 1693 scriptionem
684 1649 726 1677 et
755 1652 977 1678 mensuras.

514 1713 689 1752 Descr.
747 1713 992 1766 Magnitudo
1028 1711 1135 1752 infra
1172 1714 1379 1767 Elaphum
1414 1712 1640 1757 sibiricum‚
1683 1711 1870 1766 adeoque
1899 1709 1943 1750 in
1974 1710 2056 1752 hoc

382 1800 532 1841 genere
562 1786 711 1826 tertiae
741 1785 1058 1840 magnitudinis.
1133 1786 1294 1842 Capitis
1324 1787 1456 1827 forma
1485 1797 1526 1826 et
1554 1785 1660 1834 situ,
1704 1784 1908 1826 brevitate
1939 1785 2053 1834 colli,

380 1871 528 1902 trunco
558 1860 796 1916 strigosiore
840 1873 882 1901 et
912 1861 1130 1908 crassiore,
1172 1861 1350 1917 pedibus
1392 1860 1570 1902 robustis
1607 1859 1799 1900 cursoriis
1840 1859 2054 1915 proximus

381 1937 501 1986 Alci,
532 1936 620 1977 imo
649 1935 828 1977 similior
856 1936 1011 1984 vitulo,
1054 1951 1178 1992 quam
1208 1936 1358 1980 Cervo.
1427 1939 1561 1992 Caput
1589 1935 1881 1989 majusculum,
1921 1937 2056 1978 fronte

380 2011 658 2068 planiuscula‚
695 2023 827 2052 rostro
856 2027 1010 2062 crasso,
1055 2014 1221 2054 obtuso:
1263 2029 1385 2054 nasus
1413 2012 1612 2053 vitulinus
1643 2011 1770 2062 latus,
1811 2022 1921 2053 totus
1950 2013 2055 2068 pilo·

385 2102 472 2138 sus,
501 2088 665 2128 naribus
695 2086 944 2128 distantibus
973 2088 1152 2143 magnis,
1185 2088 1397 2144 oblongis,
1430 2099 1659 2129 antrorsum
1687 2087 1860 2143 patulis,
1908 2089 2054 2143 margi-

384 2177 435 2203 ne
466 2178 600 2204 crasso
629 2174 718 2204 toto
749 2163 977 2219 pilosis.-—-
1005 2165 1136 2204 Labia
1156 2163 1239 2205 oris
1262 2180 1412 2214 crassa,
1445 2165 1560 2214 laxa,
1591 2163 1776 2218 margine
1799 2166 1910 2206 nudo
1939 2165 2055 2206 fusco

382 2239 655 2292 grandinoso,
699 2254 837 2280 versus
873 2241 1023 2281 buccas
1051 2239 1221 2296 papillis
1250 2238 1410 2281 conicis
1438 2239 1563 2281 hirta.
1633 2242 1783 2282 Dentes
1811 2240 1856 2282 in
1885 2255 1957 2284 suo
1985 2254 2051 2294 ge-

437 2391 490 2436 (*)
518 2392 776 2430 Stralsundisches
802 2393 977 2440 Magasin,
1022 2406 1070 2429 ιν.
1098 2393 1197 2430 Theil
1218 2406 1252 2442 p,
1287 2395 1371 2441 390.
1401 2407 1474 2441 seq.
