2196 2927
434 170 516 218 148

424 286 554 315 vatur.
613 276 660 312 In
690 271 937 326 quibusdam
968 269 1120 325 hyeme
1149 281 1308 310 tantum
1341 271 1465 310 fascia
1497 287 1518 309 a
1547 271 1681 310 fronte
1712 285 1784 325 per
1814 273 1977 312 dorsum
2006 289 2094 329 gry‹

424 364 513 396 sea,
545 349 674 387 latera
704 345 816 385 dorsi
846 356 1080 385 canescunt.
1139 345 1385 399 Plerumque
1416 356 1582 394 vertex,
1622 360 1716 385 cum
1744 356 1832 385 tota
1862 347 2022 388 cervice
2053 360 2095 388 et

423 422 550 461 fascia
580 422 631 460 ad
660 435 803 459 nasum
831 431 1044 474 protensa,
1076 422 1323 475 dorsumque
1355 421 1436 459 late
1467 434 1630 474 grysea,
1672 419 1816 459 aestivi
1847 419 1974 460 instar
2003 422 2092 475 pili,

422 500 535 549 cujus
564 506 704 534 tamen
735 494 872 548 apices
902 495 1102 542 albicant3
1134 511 1249 535 aures
1279 495 1482 534 anteriore
1513 495 1660 542 latere,
1693 505 1734 533 et
1765 494 1948 549 margine
1973 495 2096 549 posti-

421 586 470 610 co
501 584 691 624 gryseae3
736 570 889 608 caudae
928 569 1056 609 etiarn
1093 571 1230 610 areola
1260 585 1378 625 supra
1416 568 1545 623 nigra.
1606 568 1673 609 Sic
1705 570 1842 623 vulgo.
1901 571 2025 609 Calor
2052 569 2096 609 in

419 644 486 684 his
515 643 816 683 thermometro
847 645 1082 698 exploratus
1120 652 1207 691 1033
1237 646 1348 698 grad.
1374 643 1550 683 Farenh.
1610 645 1863 692 Notandum,
1890 643 1989 683 huic
2013 647 2093 682 Va-

420 718 560 757 rietati
591 732 705 756 aures
736 718 861 757 etiam
892 718 1160 773 proportione
1189 719 1313 772 paulo
1343 718 1550 771 longiores
1581 732 1688 766 esse,
1729 719 1840 772 quod
1870 717 2094 772 hybridam

417 792 729 846 generationem
758 794 1031 831 confirmaret.
1060 817 1116 822 —
1145 794 1378 832 Claviculae
1411 792 1455 831 in
1485 792 1695 846 leporibus
1718 808 1889 847 parvae,
1920 792 1964 832 in
1991 808 2094 831 mus-

418 866 522 906 culis
552 865 793 914 haerentes,
826 870 1000 919 majores
1029 877 1193 915 tamen,
1226 882 1349 921 quam
1378 866 1424 905 in
1454 866 1571 913 feris,
1600 877 1642 905 et
1670 877 1834 906 teretes.

551 983 684 1023 Nota
713 992 752 1033 4.
810 982 1026 1022 Aestivam
1055 981 1176 1036 hujus
1207 982 1451 1022 varietatem
1480 983 1524 1021 in
1554 982 1723 1036 regione
1755 981 1995 1022 Casaniensi
2025 983 2094 1022 ob-

416 1055 597 1096 servavi:
653 1057 1131 1106 lutescente-albidam,
1175 1058 1295 1096 dorso
1339 1058 1591 1104 rufescente,
1649 1056 1812 1096 auribus
1855 1056 1990 1096 antice
2033 1072 2094 1096 ru-

415 1130 686 1178 fescentibus‚
733 1131 888 1185 capite,
934 1131 1177 1186 praesertim
1214 1133 1349 1171 fronte
1386 1131 1547 1171 intense
1577 1132 1651 1170 rufi
1680 1130 1830 1171 eoloris
1858 1146 1953 1171 cum
1981 1142 2103 1171 nota«

415 1204 578 1243 mediae
608 1205 756 1244 frontis
786 1206 899 1254 alba,
931 1207 1060 1245 cauda
1090 1222 1208 1260 supra
1239 1207 1481 1245 rufescente.

800 1341 886 1385 66.
978 1343 1269 1385 LEPUS
1359 1342 1705 1386 timidus.

536 1458 581 1495 L.
599 1455 728 1495 cauda
742 1453 861 1494 brevi
878 1469 996 1508 supra
1011 1454 1138 1508 nigra,
1172 1454 1336 1494 auribus
1358 1455 1494 1510 capite
1509 1455 1779 1510 longioribus,
1812 1455 1929 1510 apice
1946 1457 2087 1511 nigriS.

631 1532 764 1582 Lepus
794 1528 987 1575 timidus,
1019 1530 1106 1567 Lin.
1137 1540 1240 1581 ςγδι.
1271 1531 1365 1568 XII.
1395 1532 1428 1568 I.
1459 1547 1497 1585 p.
1529 1548 1593 1582 77.
1624 1547 1684 1585 sp.
1721 1548 1752 1568 1.
1796 1533 1990 1581 (exclusa
2019 1548 2087 1571 va-

683 1607 770 1642 riet.
798 1605 862 1654 β.)
891 1602 1093 1641 Schreber.
1125 1607 1331 1644 mammal.
1362 1606 1432 1644 IV.
1464 1622 1502 1659 p.
1534 1611 1627 1646 865.
1656 1606 1738 1645 tab.
1772 1611 1862 1646 233.
1892 1606 1946 1645 A.

630 1680 782 1731 Lepus,
814 1678 991 1716 Brisson.
1023 1678 1165 1732 quadr.
1196 1694 1235 1732 p.
1267 1687 1331 1729 94.
1362 1694 1422 1734 sp.
1460 1697 1491 1717 1.

629 1751 798 1799 Lievre,
830 1753 991 1804 Buffon.
1022 1754 1113 1791 hist.
1144 1763 1226 1792 nat.
1257 1755 1326 1792 VI.
1362 1770 1402 1808 p.
1433 1761 1523 1803 246.
1553 1754 1636 1794 tab.
1668 1761 1733 1794 88.

631 1826 834 1866 Common
865 1829 994 1875 Hare,
1039 1827 1231 1867 Pennant.
1261 1843 1353 1882 syn.
1384 1845 1423 1884 p.
1455 1835 1546 1884 243.
1589 1845 1628 1868 u.
1664 1835 1750 1878 184.
1779 1829 1895 1869 ZooZ.
1925 1829 2015 1869 brit.
2052 1847 2084 1868 1.

683 1917 780 1956 pag.
811 1908 875 1953 87.

521 1974 692 2015 Rossice
721 1978 878 2016 Russak
907 1976 975 2015 vel
1004 1976 1155 2016 rectius
1189 1978 1365 2019 Trussak
1394 1980 1524 2033 (quod
1553 1978 1750 2019 timidum
1780 1979 1846 2018 vel
1875 1977 2085 2033 trepidum

574 2050 808 2105 exprimit).
867 2051 1034 2090 Polonis
1064 2052 1226 2105 Zayak.
1285 2053 1518 2094 Calmuccis
1552 2055 1711 2094 Toolai.
1768 2052 1900 2093 Persis
1939 2064 1980 2092 et
2009 2056 2090 2092 Bo:

573 2123 711 2164 charis
742 2127 990 2179 Chargosch.
1048 2127 1242 2167 Armenis
1276 2130 1483 2175 Toschan;
1519 2127 1762 2183 Georgianis
1794 2129 2014 2169 Urtchaeli.

547 2211 595 2247 In
626 2208 796 2249 Rossiae
828 2211 1092 2259 australibus,
1129 2213 1234 2252 ultra
1265 2220 1372 2255 55s1¹¹¹¹
1402 2213 1635 2254 latitudinis
1665 2216 1846 2269 gradum,
1877 2213 1981 2254 haec
1997 2212 2083 2252 sola

412 2281 570 2334 species
600 2283 798 2332 occurrit,
843 2296 888 2324 ut
916 2297 959 2325 et
986 2286 1030 2326 in
1060 2287 1233 2327 Polonia
1262 2300 1304 2328 et
1333 2287 1578 2338 Lsthuania,
1622 2291 1732 2329 unde
1773 2289 1817 2328 in
1864 2287 2081 2328 Livoniam

414 2355 613 2410 transfugi
642 2357 704 2398 ibi
733 2359 980 2405 Germanice
1010 2376 1033 2401 a
1062 2362 1345 2404 venatoribus:
1375 2365 1582 2404 Litthauer
1600 2363 1872 2420 appellantur.
1930 2359 2081 2415 Copio-
