2196 2927
876 171 1022 194 ,Ξ
1692 171 1774 208 261

100 270 262 329 quoties
294 269 436 327 accepi
466 270 646 312 calculos
676 268 1023 324 elegantissimos,
1070 281 1189 310 extus
1221 272 1442 315 muricatos
1471 275 1539 316 vel
1569 274 1772 327 acinosos,

100 348 275 396 solidos,
317 347 537 388 stalactitis
567 347 650 385 fere
687 345 817 385 instar
845 345 1019 400 politos,
1064 346 1243 385 olivacei
1274 349 1438 390 coloris.
1498 351 1646 392 Talem
1690 354 1774 393 fere

100 424 299 479 exprimit
330 423 425 463 icon
456 426 565 477 apud
594 422 740 461 sebam
768 423 865 461 thes.
896 423 949 461 II.
981 421 1064 460 tab.
1103 428 1188 461 113.
1211 423 1293 475 fig·
1320 439 1365 476 g.
1397 436 1437 463 et
1456 428 1540 480 fig.
1569 444 1621 467 m.
1653 444 1779 483 quem

100 501 173 539 sub
203 499 371 539 nomine
402 496 554 552 lapidis
582 495 809 535 Annadsslli
840 507 1139 551 acceperat.-—
1170 499 1311 536 Partus
1342 501 1561 540 monstrosi
1590 502 1634 541 in
1665 503 1778 557 equi-

99 589 151 614 no
183 589 331 628 genere
362 571 571 612 rarissimi.
629 571 824 610 Nascitur
854 573 1065 626 qno-llam
1093 571 1442 628 hermaplirodito
1465 574 1623 623 simile,
1654 579 1777 632 quale

100 665 121 688 a
150 646 519 704 Kirgiso-Tataris
550 658 767 701 acceptum
796 648 994 702 descripsi
1041 646 1085 687 in
1127 650 1397 702 Bes-chaeftig.
1431 650 1501 690 der
1532 653 1679 693 Berlin.
1710 671 1777 694 na·

99 726 307 777 turforsch.
340 724 553 762 Gesellsch.
583 726 662 763 vol.
693 724 767 761 III.
813 740 851 778 p.
886 730 974 763 226.
1020 734 1062 763 et
1103 723 1245 772 icone,
1291 725 1374 764 tab.
1407 726 1454 765 V.
1490 728 1573 780 fig.
1614 746 1644 766 1.
1687 727 1781 767 illu--

97 799 236 839 stravi.
296 799 377 839 Sed
408 808 494 838 erat
523 798 695 838 omnino
726 798 887 852 generis
917 798 1090 839 masculi
1121 798 1367 854 imperfecte
1398 802 1698 850 conf0rmatus,
1736 815 1780 843 ut

96 885 189 913 sunt
220 875 304 913 fere
334 889 477 914 omnes
506 873 550 912 in
583 872 764 913 humano
795 888 945 928 genere
978 875 1200 916 observati.
1274 877 1356 915 Sub
1400 891 1478 916 ano
1521 881 1663 917 vulvae
1693 879 1780 918 nul—

98 949 183 988 lum
228 949 476 1003 vestigium3
528 950 767 989 dodrantali
813 949 982 990 circiter
1026 950 1223 990 distantia
1266 966 1411 1005 corpus
1453 953 1778 1005 cylindraceum,

94 1024 344 1078 pendulum,
377 1025 522 1073 breve,
572 1025 745 1065 membri
779 1025 922 1080 equini
953 1026 1037 1065 fere
1068 1025 1273 1075 crassitie,
1319 1025 1430 1081 plica
1460 1042 1592 1067 crassa
1621 1030 1671 1067 ab
1702 1043 1781 1068 ano

93 1100 373 1139 descendente
402 1114 664 1154 suspensum,
697 1114 902 1154 rugosum,
936 1102 1106 1147 nudum,
1138 1100 1312 1155 nigrum,
1344 1101 1612 1142 terminatum
1637 1102 1776 1157 specie

88 1175 257 1228 glandis
299 1173 602 1229 trapeziformi‚
645 1175 874 1224 denudata,
920 1190 1019 1230 ruga
1062 1186 1277 1224 coronata,
1338 1177 1582 1216 umbilicata
1619 1178 1777 1232 papilla

93 1249 355 1298 excentrica,
400 1265 422 1288 a
452 1264 531 1305 qua
573 1265 722 1305 porcus
765 1265 923 1289 sursum
966 1265 1187 1290 excurrens
1218 1262 1331 1290 secat
1360 1252 1576 1305 glandem,
1621 1251 1665 1291 in
1695 1267 1778 1306 quo

91 1323 286 1364 urethrae
316 1336 525 1379 apertura,
556 1324 719 1364 urinam
748 1341 843 1365 arcu
873 1337 1096 1365 retrorsum
1127 1326 1358 1379 ejaculans‚
1388 1336 1433 1364 ut
1460 1326 1633 1367 Camelo
1659 1327 1777 1368 mari.

91 1399 265 1439 Urinam
296 1399 492 1440 emittens
523 1401 590 1440 vel
621 1402 672 1440 ab
718 1399 954 1440 irritatione
997 1401 1153 1441 caudae
1198 1399 1280 1441 hoc
1325 1416 1474 1456 corpus
1518 1401 1562 1440 in
1605 1403 1779 1457 duplum

91 1475 177 1514 fere
208 1477 476 1515 excrescebat
506 1486 547 1515 et
577 1487 664 1515 erat
694 1476 952 1516 dodrantale.
1012 1475 1184 1515 Diceres
1216 1475 1408 1530 vaginam
1434 1487 1665 1517 extrorsum
1688 1479 1778 1518 sub-

90 1565 273 1599 versam,
326 1549 666 1605 quandoquidem
710 1552 893 1606 equabus
935 1549 1104 1590 urethra
1150 1550 1258 1589 intra
1296 1550 1490 1604 vaginam
1520 1551 1623 1592 hiat.
1696 1554 1779 1593 Sed

92 1636 283 1665 anatome
328 1625 472 1665 docuit
514 1626 791 1666 masculorum
833 1640 1080 1680 organorum
1119 1624 1364 1680 imperFecta
1407 1626 1584 1680 vestigia
1627 1627 1779 1667 adfuis-

90 1715 146 1741 se.
171 1726 225 1731 —
250 1704 404 1742 Illustr.
435 1702 622 1752 Bufson
664 1700 836 1741 asseruit
877 1715 1034 1756 equos,
1079 1700 1230 1756 quibus
1273 1700 1469 1741 discissae
1512 1716 1650 1751 nares,
1697 1703 1778 1756 (uti

91 1778 200 1832 apud
229 1778 440 1817 Nomadas
470 1776 521 1815 iis
552 1775 625 1831 qui
653 1788 881 1817 castrantur
910 1791 1093 1832 semper,
1124 1787 1165 1816 et
1197 1778 1248 1816 ad
1271 1791 1359 1816 ossa
1382 1792 1503 1832 saepe
1529 1776 1694 1817 diffindi
1718 1793 1778 1818 so—

89 1853 199 1901 lent)
230 1864 313 1892 non
344 1851 532 1898 hinnire3
563 1853 676 1907 quod
706 1853 853 1892 falsum
883 1866 971 1892 esse
1001 1851 1228 1892 innumeris
1258 1852 1464 1907 exemplis
1495 1851 1649 1901 didici3
1694 1865 1778 1893 ete-

90 1927 179 1968 nim
209 1926 408 1966 hinniunt
438 1927 567 1967 etiam
597 1927 800 1967 latissime
831 1929 922 1968 fisso
960 1939 1003 1968 et
1033 1938 1176 1982 aperto
1206 1942 1318 1967 naso.
1340 1953 1396 1960 -
1434 1927 1637 1967 Inassueti
1666 1928 1776 1983 Equi

88 2001 280 2059 plerique
313 2003 364 2041 ad
394 2003 662 2043 Camelorum
692 2004 932 2058 adspectum
975 2017 1126 2058 magno
1168 2014 1326 2042 terrore
1354 2002 1532 2057 percelli
1563 2013 1604 2041 et
1634 2003 1774 2056 fugam

90 2091 304 2133 capessere
334 2078 482 2117 solent.
541 2078 698 2117 Mirum
727 2079 839 2132 quod
869 2078 913 2117 in
942 2077 1066 2117 bellis
1096 2077 1311 2132 europaeis
1362 2076 1596 2130 equitatum
1635 2075 1774 2118 inimi-

89 2169 187 2195 cum
216 2152 297 2192 hoc
329 2153 453 2191 modo
482 2152 527 2191 in
564 2154 703 2207 fugam
745 2168 866 2207 agere
908 2152 1123 2206 negligant
1164 2151 1294 2191 nostri
1338 2152 1482 2199 duces,
1527 2152 1774 2206 praesertim

89 2244 219 2284 quum
250 2227 379 2268 etiam
408 2226 601 2267 oneribus
631 2228 810 2268 ferendis
840 2228 885 2267 in
914 2226 1057 2267 castris
1087 2226 1212 2266 utiles
1253 2226 1335 2266 sint
1379 2226 1556 2267 Cameli.
1627 2229 1774 2268 Fertur

90 2303 136 2345 in
167 2303 374 2343 Narvensi
403 2302 562 2358 praelio
593 2304 818 2343 Suecorum
848 2303 1099 2358 equitatum,
1131 2301 1213 2343 hoc
1244 2305 1369 2342 modo
1397 2303 1602 2356 fugatum,
1643 2302 1771 2343 victo-

93 2379 198 2420 riam
227 2380 260 2419 P
269 2390 373 2420 etro
404 2395 585 2434 magno
615 2381 853 2433 Imperatori
881 2378 1133 2435 praebuisse.
1162 2403 1215 2409 —-
1257 2379 1425 2420 stellera
1467 2383 1673 2433 passer-ina
1718 2379 1770 2419 ab
