2196 2927
394 218 487 257 424
1163 209 1307 233 .·—..-.==

598 340 600 350 1
650 314 851 353 ,Brissom
882 319 965 351 o'rn.
997 309 1045 349 V.
1079 323 1174 363 pag.
1206 313 1295 349 252.
1338 304 1476 359 (inter
1502 308 1739 362 Tryngasg)
1783 305 1953 362 Zoolog.
1985 307 2075 349 brit.

671 404 769 445 pag.
800 404 865 438 92.
895 402 955 443 sp.
985 403 1023 440 7.
1054 385 1136 426 tab.
1177 384 1222 425 P.
1260 402 1291 425 1.
1324 385 1410 439 fig.
1448 401 1480 424 ι.
1522 384 1710 425 Latham.
1757 398 1848 437 syn.
1889 384 1942 423 Π.
1981 399 2076 439 pag.

672 471 743 514 480-
770 470 904 504 n.'5o.

617 542 788 580 Sturnus
819 538 1010 585 Cinclus‚
1041 540 1127 578 Lin.
1158 547 1262 592 syst.
1292 538 1325 577 Ι.
1355 554 1394 593 p.
1427 552 1518 587 290.
1548 551 1609 592 sp.
1641 541 1679 578 5.

621 614 841 656 Motacilla
870 613 1060 662 Cinclus,
1091 614 1252 668 Scopol.
1284 630 1349 653 an.
1380 614 1412 651 Ι.
1444 627 1481 652 η.
1513 619 1604 652 223.

625 691 759 732 Merle
788 691 928 735 d’eau,
957 691 1119 742 Buffon.
1151 705 1234 729 orn.
1253 690 1362 729 Vffl.
1394 703 1490 743 pag.
1527 694 1614 738 134.
1644 687 1727 729 tab.
1764 706 1823 729 11.
1852 689 2081 746 D’Aubent3

671 771 774 806 icon.
806 765 888 804 tab.
920 773 1012 816 940.

508 841 678 882 Rossice
715 841 935 880 Wodaenoi
979 841 1164 881 Worobe‘i
1208 838 1441 895 (aquaticus
1469 842 1643 890 Passer).
1716 840 1876 879 Tataris
1907 840 2082 882 Sibiriae

559 916 897 971 Su-gertschegc'z
942 916 1081 970 (quod
1110 914 1225 955 idem
1255 913 1508 969 sig11ificat);
1549 912 1703 953 Jacutis
1748 915 2084 970 Utscltytschczga

561 992 669 1044 (avis
700 990 927 1046 aquatilis).
986 990 1167 1032 Ostiaeis
1197 992 1429 1030 Kolz-twas
1454 1000 1497 1028 et
1519 989 1703 1029 Doerboe
1726 989 1923 1043 dtlgclom.
1963 993 2085 1031 Arin-

560 1067 617 1108 zis
647 1067 910 1107 Abdochara.
971 1065 1156 1106 Lamutis
1187 1066 1373 1121 Olaeplzi.
1444 1064 1775 1105 Camtschadalis
1806 1068 1986 1107 Kansalt.

534 1146 720 1198 Hyeme,
753 1158 775 1181 a
804 1142 1039 1182 Novembri
1069 1143 1120 1182 ad
1150 1141 1373 1190 Martium,
1420 1139 1530 1181 circa
1570 1151 1773 1181 torrentes
1803 1141 2012 1198 lapidusos
2043 1153 2086 1184 et

399 1218 671 1273 scaturigines
713 1232 924 1271 nunquam
954 1217 1232 1272 conglaciatas
1261 1231 1335 1273 per
1365 1231 1531 1256 omnem
1569 1216 1760 1257 Bossiarn.
1790 1228 1831 1257 et
1873 1216 2084 1276 Sibiliam2

398 1293 445 1335 in
476 1291 810 1335 Camtschatcam
856 1303 898 1332 et
941 1291 1095 1333 insulas
1138 1292 1359 1332 Amcricae
1399 1290 1595 1331 finitimas
1639 1307 1791 1346 usque,
1836 1307 1919 1332 non
1961 1291 2084 1332 infre-

400 1384 530 1425 quens
561 1369 820 1416 observatur,
864 1368 936 1407 sed
972 1367 1202 1414 solitarius,
1247 1378 1389 1421 estque
1420 1377 1570 1405 venatu
1601 1365 1749 1406 facilis.
1809 1369 1983 1407 Aestate
2013 1365 2085 1407 vix

400 1460 584 1500 unquam
613 1453 804 1500 apparet,
834 1441 931 1497 quia
960 1453 1058 1482 tunc
1088 1458 1161 1497 per
1190 1442 1299 1482 rivos
1329 1453 1372 1481 et
1401 1443 1553 1481 fluenta
1583 1440 1834 1497 dispergitur
1869 1453 1910 1482 et
1940 1441 2085 1482 cautis-

403 1521 507 1561 sima
538 1531 613 1560 est.
687 1518 845 1559 Insidet
873 1517 981 1558 saxis
1012 1517 1215 1573 riparum,
1259 1516 1346 1557 imo
1376 1516 1528 1572 glaciei
1570 1517 1811 1571 fragmentis
1853 1518 1898 1559 in
1944 1517 2083 1558 media

400 1611 510 1651 aqua
551 1594 808 1641 natantibus,
844 1593 1072 1648 irrequieto
1103 1605 1146 1633 et
1178 1593 1295 1649 quasi
1325 1593 1532 1634 titubante
1561 1608 1732 1649 corpore
1783 1593 1972 1634 cantillat
2001 1608 2083 1634 non

397 1669 573 1711 inficeto
602 1670 792 1725 gannitu,
835 1668 1012 1709 sturnini
1052 1668 1193 1708 tamen
1224 1671 1292 1709 vel
1322 1670 1507 1709 Merulae
1539 1668 1679 1709 cantui
1708 1669 1969 1716 subaemulo,
2011 1667 2083 1727 qui

404 1745 531 1786 etiam
572 1757 699 1786 noctu
742 1744 932 1784 exaudiri
973 1758 1095 1798 saepe
1138 1744 1256 1784 solet.
1329 1745 1485 1785 Crebro
1528 1745 1656 1792 lavat,
1701 1743 1941 1798 praesertim
1980 1744 2081 1783 sudo

406 1821 549 1866 coelo,
579 1820 647 1858 vel
676 1834 801 1873 quum
832 1829 1054 1872 tempestas
1084 1818 1211 1857 instat
1241 1818 1478 1867 amoenior,
1522 1818 1711 1872 interque
1741 1819 1963 1858 lavandum
1992 1834 2079 1873 pas-

406 1892 540 1933 serina
569 1894 656 1933 fere
686 1907 788 1933 voce
817 1891 976 1932 stridet.
1049 1892 1131 1931 Sub
1177 1908 1324 1948 aquam
1353 1892 1579 1933 involando
1611 1892 1811 1946 mergitur
1839 1908 1914 1947 per
1942 1891 2081 1933 hiatus

403 1956 576 2023 glaciei,
621 1968 872 2022 mirumque,
917 1965 1076 2006 natatui
1114 1965 1269 2022 ineptis
1306 1969 1482 2023 pedibus
1519 1969 1592 2008 sub
1630 1982 1733 2022 aqua
1761 1968 1890 2007 fertur
1918 1979 1959 2008 et
1987 1979 2080 2023 post

407 2042 569 2099 aliquot
590 2058 711 2099 saepe
735 2042 988 2083 minutorum
1012 2057 1170 2082 moram
1193 2043 1276 2083 alio
1299 2044 1466 2083 demum
1489 2043 1605 2090 loco,
1635 2043 1685 2083 ad
1708 2041 1889 2098 plurium
1914 2044 1982 2094 (8-
1999 2045 2078 2096 10.)

407 2133 626 2174 orgyarum
656 2118 915 2164 distantiam,
956 2117 1110 2172 plumis
1139 2133 1221 2158 non
1252 2118 1489 2160 madefsctis
1519 2116 1715 2173 emergit,
1761 2117 1872 2172 quod
1900 2116 2075 2173 propriis

408 2194 481 2234 vix
511 2194 642 2235 oeulis
670 2192 847 2234 credidi.
914 2192 1091 2247 Colligit
1120 2203 1217 2232 tunc
1247 2193 1379 2233 larvas
1410 2192 1744 2248 Phryganearum
1774 2193 1981 2248 lapidibus
2011 2193 2075 2232 ad-

409 2267 650 2317 haerentes,
688 2267 933 2324 tipularum,
978 2266 1142 2323 aliaque
1183 2267 1341 2309 insecta
1376 2269 1449 2310 sub
1480 2285 1585 2324 aqua
1615 2267 1907 2323 hybernantia.
1965 2265 2076 2319 Rigi-

409 2342 580 2384 dissimo
608 2355 748 2385 tamen
777 2343 872 2398 gelu
903 2341 1062 2398 torpidi
1089 2342 1282 2383 dicuntur
1311 2344 1362 2384 ad
1389 2343 1497 2399 ripas
1527 2342 1722 2384 inveniri.
1791 2343 1994 2383 Dicuntur
2034 2351 2076 2380 et

408 2414 454 2469 in
483 2418 686 2460 cuniculis
713 2418 896 2474 riparum
922 2417 1127 2466 nidulari,
1157 2433 1332 2474 quorum
1352 2419 1453 2461 licet
1476 2430 1707 2476 aperturam
1731 2417 1941 2458 exundans
1972 2429 2075 2470 aqua
