2196 2927
391 197 476 238 372
1140 194 1284 217 Ξ

387 296 560 354 pygium
592 298 650 335 6²².
682 296 751 336 3''.
795 293 961 340 Caudae
993 295 1050 334 5²².
1088 296 1178 332 10“'.
1223 292 1345 332 ulnae
1388 290 1543 331 alarum
1583 295 1641 344 γ’.
1674 296 1742 332 6’”.
1785 305 2057 348 exp-ansarum

393 375 473 411 18²¹.
505 370 634 410 tibiae
673 371 724 410 i‘'.
763 370 853 409 11'‘'.
909 368 1144 409 Junioribus
1173 370 1313 408 subtus
1336 379 1490 423 puncta
1512 369 1679 408 cordata
1702 379 1743 407 et
1767 379 1942 422 guttata,
1973 370 2059 410 lon·

386 444 647 500 gitudinalia.
706 447 941 486 Intestinum
970 444 1184 499 bipedale3
1216 457 1340 484 coeca
1371 444 1453 483 duo
1483 442 1657 484 minima
1687 444 1849 484 adnata.
1923 445 2061 498 Cystis

385 519 533 560 hilaria
564 520 758 561 ductibus
786 536 924 562 versus
955 521 1193 560 duodenum
1222 517 1413 574 geminis.
1447 522 1504 572 (ὴ)

795 687 851 736 V·
942 683 1652 736 VULTURES.

524 836 781 877 cadaverum
812 845 1034 874 sectatores
1065 845 1107 874 et
1142 833 1223 889 ipsi
1263 831 1480 872 teterrimo
1523 832 1707 872 carnium
1749 845 1792 873 et
1832 833 2064 874 interaneo-

387 926 478 953 rum
508 912 634 951 odore
665 909 903 951 cadaverosi
935 911 1140 959 Vultures,
1186 908 1431 964 praesertim
1473 908 1620 948 calidis
1662 908 1899 962 regionibus
1940 926 1962 948 a
1999 924 2065 948 na-

386 998 476 1027 tura
505 986 653 1026 tributi
682 986 895 1036 videntur,
939 997 981 1026 ut
1012 998 1166 1025 terram
1195 1001 1217 1024 a
1245 983 1423 1039 putridis
1461 982 1711 1024 morticiniis
1742 996 1931 1039 purgent.
1991 987 2067 1023 Ita-

386 1075 468 1116 que
500 1063 608 1116 apud
638 1078 710 1101 nos
740 1062 862 1117 pauci
893 1073 933 1101 et
963 1073 1125 1101 tanturn
1154 1059 1197 1099 in
1228 1059 1572 1100 meridionalibus
1612 1058 1784 1114 Imperii
1832 1058 1981 1101 finibus
2010 1058 2067 1097 vi-

389 1147 505 1176 vunt.
578 1139 744 1177 Habent
780 1151 923 1177 omnes
960 1148 1153 1183 rostrum,
1197 1136 1309 1191 quod
1338 1136 1467 1175 forma
1498 1136 1706 1190 quandam
1748 1133 2069 1174 similitudinem

390 1225 486 1250 cum
515 1211 611 1252 Lari
641 1213 708 1252 vel
738 1212 1015 1252 Procellariae
1046 1223 1177 1252 rostro
1208 1226 1279 1251 seu
1307 1210 1467 1265 aliquid
1498 1209 1720 1264 gallinacei
1760 1208 1905 1256 habet,
1952 1208 2070 1248 recti—

390 1286 578 1326 uscuium
606 1286 696 1326 basi
726 1298 767 1326 et
797 1287 1128 1340 cylindraceum,
1177 1296 1366 1325 extremo
1396 1296 1555 1324 tantum
1587 1285 1805 1324 aduncum.
1877 1282 1986 1323 Hinc
2017 1283 2071 1323 al-

390 1359 559 1407 bicflia,
600 1375 705 1416 quae
743 1372 918 1401 rostrum
956 1360 1083 1401 habet
1121 1376 1215 1400 vere
1252 1360 1506 1415 aquilinum,
1551 1360 1659 1399 male
1699 1360 1749 1399 ad
1779 1358 1859 1399 hoc
1890 1372 2018 1413 genus
2049 1375 2070 1398 a

392 1436 615 1476 Limnaeo
646 1437 775 1476 relata
804 1436 895 1476 fuit.
965 1436 1166 1476 Notabile
1197 1435 1323 1475 etiam
1355 1435 1589 1475 Vulturibus
1618 1435 1715 1475 solis
1744 1435 1853 1474 inter
1882 1438 2070 1490 Rapaces

395 1525 466 1550 seu
496 1512 708 1566 Praepetes
745 1511 788 1550 in
825 1512 955 1551 cauda
998 1520 1057 1561 ¹4·
1097 1525 1185 1550 esse
1229 1515 1425 1551 rectrices.
1495 1511 1622 1565 Apud
1664 1525 1737 1551 nos
1780 1522 1862 1550 tres
1902 1509 2073 1550 omnino

391 1585 615 1626 Vulturum
645 1586 804 1642 species
832 1587 1075 1626 observatae
1105 1597 1212 1626 sunt.

607 1705 691 1746 38.
780 1702 1120 1746 VULTUR
1195 1703 1470 1745 barbatus.
1532 1702 1671 1745 TAB.
1722 1701 1862 1744 XIII.

529 1797 581 1834 V.
612 1793 791 1847 capistro
820 1795 1029 1848 barbaque
1058 1793 1178 1847 gulae
1216 1804 1349 1833 setosa
1387 1792 1537 1848 nigris,
1581 1808 1753 1848 corpore
1792 1793 1909 1839 albo,
1950 1792 2071 1832 dorso

395 1868 510 1908 fusco
538 1866 765 1907 rhachibus
795 1867 912 1908 albis.

459 2038 514 2081 (*)
544 2037 599 2069 Ad
626 2037 831 2069 inferiorem
858 2038 1040 2079 Argunum
1068 2036 1361 2080 diligentissimus
1388 2038 1567 2081 quondam
1596 2039 1780 2071 Studiosus
1809 2043 1845 2072 et
1873 2039 1955 2071 dein
1984 2040 2075 2070 Aca-

543 2099 702 2130 demicus
730 2109 764 2141 p.
793 2109 838 2130 m.
880 2097 1018 2129 Nica-tas
1052 2097 1228 2137 Sokolof
1246 2109 1265 2130 e
1293 2098 1487 2145 longinquo
1515 2099 1746 2141 observavit,
1776 2100 1838 2132 sed
1872 2099 1996 2142 sclopo
2018 2104 2071 2131 at-

543 2161 681 2200 tingere
709 2169 778 2190 non
805 2160 925 2200 potuit
950 2158 1138 2190 Falconem
1167 2159 1225 2190 vel
1254 2160 1476 2201 Accipitrem
1505 2159 1722 2201 peculiarem
1750 2160 1794 2192 de
1822 2171 1891 2207 quo
1913 2170 1987 2204 ejus
2014 2159 2073 2190 ad-

548 2220 771 2250 notationem
800 2228 964 2260 appono:
1004 2214 1118 2251 Volatu
1145 2218 1341 2266 habituque
1375 2218 1499 2250 similis
1533 2221 1708 2262 Accipitri
1749 2221 1914 2252 variabili
1952 2219 2071 2250 leuco·

548 2278 685 2322 phaeo,
728 2278 789 2310 sed
830 2279 973 2319 min0r3
1013 2286 1107 2322 caput
1146 2289 1272 2322 supra,
1313 2281 1496 2321 dorsumque
1525 2282 1617 2312 inter
1654 2279 1728 2311 alas
1762 2284 1798 2312 et
1824 2280 1959 2311 alarum
1987 2277 2073 2307 bases

546 2341 665 2380 nigra,
705 2338 764 2370 vel
803 2338 1056 2381 fusco-nigra.
1122 2339 1377 2371 Pomeridianis
1412 2339 1510 2372 horis
1537 2342 1692 2371 maxime
1731 2340 1849 2381 volat,
1877 2338 2073 2385 *copiosior

550 2398 646 2431 circa
671 2399 876 2443 Argunskoi
903 2402 1044 2445 ostrog3
1071 2409 1179 2444 supra
1205 2400 1422 2434 Zuruchaitu
1450 2411 1520 2433 non
1546 2403 1706 2443 apparet.
