2196 2927
882 207 1026 231 Ξ
1696 212 1777 253 373

334 308 484 348 Vultur
513 307 724 353 barbatus,
765 306 975 345 Edwards.
1015 320 1079 344 av.
1124 322 1219 360 pag.
1250 310 1332 348 tab.
1370 316 1454 350 106.
1498 311 1584 350 Lin.
1615 321 1716 364 xyst.
1748 312 1780 351 I.

387 400 482 439 pag.
520 390 605 423 123.
635 397 694 436 sp.
727 388 763 421 6.
792 383 969 422 Brisson.
1000 383 1143 420 ornith.
1173 386 1368 436 supplem.
1416 400 1511 439 pag.
1545 393 1608 426 26.
1651 402 1689 426 η.
1726 393 1783 428 ι3.

384 460 570 497 Latham.
602 472 693 509 syn.
723 457 755 494 I.
785 471 880 510 pag.
918 473 975 494 ιι.
1007 471 1043 495 η.
1076 462 1113 495 6.

249 539 291 581 β.
321 533 472 572 Vultur
501 546 643 570 aureus
673 532 830 571 Gesner.
863 547 926 570 av.
957 547 995 585 p.
1028 536 1120 581 783.
1152 531 1235 570 tab.
1268 536 1359 581 761.
1390 534 1558 573 Aldrov.
1584 538 1727 576 ornith.
1752 538 1784 577 Ι.

303 623 397 662 pag.
430 624 519 659 277.
563 607 645 646 tab.
679 613 769 658 276.
813 607 925 646 Coxe
949 610 993 645 it.
1018 607 1158 645 helvet.
1192 606 1278 658 (ed.
1295 605 1467 656 noviss.)
1499 608 1595 647 icon
1622 611 1782 665 capitis.

301 683 467 721 Gmelin.
502 684 585 737 jun.
626 685 753 721 itiner.
783 683 857 720 ΙΙΙ.
898 681 980 721 tab.
1013 687 1077 721 38.
1122 682 1299 721 Brisson.
1331 684 1474 722 ornith.
1503 683 1536 721 Ι.
1567 699 1663 737 pag.
1692 692 1783 733 458.

301 773 359 812 sp.
394 764 430 798 5.
474 758 659 796 Latham.
698 773 789 810 syn.
820 759 852 796 I.
884 774 980 812 pag.
1018 763 1076 797 18.
1108 771 1145 795 n.
1185 763 1244 796 13.

326 831 525 884 Avoltojo
564 833 759 881 barbato,
799 833 904 872 Cetei
946 834 1098 874 UccelZz'
1135 832 1178 871 di
1216 831 1432 885 Tardegna
1474 848 1571 887 pag.
1618 839 1676 873 16.
1707 848 1786 888 seq.

380 922 475 946 cum
506 906 641 946 icone.

325 982 481 1036 Aquila
512 981 716 1031 maxima,
750 983 917 1022 Gmelin.
943 986 1026 1038 jun.
1058 986 1144 1021 itin.
1174 982 1248 1021 III.
1281 997 1319 1036 p.
1352 988 1443 1032 364.
1473 983 1557 1023 tab.
1591 990 1655 1023 38.

331 1057 483 1096 Vultur
512 1057 668 1105 fulvus,
700 1057 887 1098 Hablz'zel
915 1073 982 1111 ap.
1014 1058 1183 1098 Gmelin.
1207 1059 1292 1113 jun
1321 1061 1408 1096 itin.
1439 1059 1508 1097 IV.
1540 1074 1578 1113 p.
1617 1075 1701 1109 179.

216 1130 388 1171 Rossice
419 1131 614 1185 generico
645 1131 812 1172 nomine
843 1133 954 1187 Sihp.
1013 1133 1223 1187 Mongolis
1251 1134 1402 1177 Jelldo;
1431 1131 1634 1186 Tungusis
1669 1134 1783 1174 Tass.

271 1206 472 1259 Tangiltis
503 1207 628 1246 Gooh.

241 1283 289 1320 In
320 1279 488 1320 summis
519 1280 680 1336 alpibus
708 1281 940 1331 Dauuriae,
971 1282 1080 1322 inter
1107 1280 1312 1322 Tschikoi
1342 1293 1384 1321 et
1413 1282 1536 1322 Onon
1566 1282 1786 1323 fluviorum

109 1357 264 1401 fontes,
294 1355 396 1394 item
426 1355 535 1394 inter
566 1359 722 1396 Lenam
751 1368 792 1397 et
822 1360 954 1396 Amur
984 1359 1079 1397 fluv.
1108 1356 1320 1412 rariusque
1350 1357 1461 1397 circa
1489 1359 1707 1410 Sajanense
1730 1362 1786 1411 ju-

110 1446 206 1486 gum
236 1430 411 1470 habitat.
468 1431 621 1470 Nidum
653 1431 772 1471 struit
795 1431 838 1471 in
860 1431 1155 1472 excelsissimis
1181 1432 1370 1486 rupibus.
1400 1433 1589 1487 planum,
1623 1432 1785 1488 quadri-

110 1506 253 1561 pedali
282 1505 507 1552 diametro,
550 1520 572 1544 e
601 1506 724 1545 ramis
754 1506 930 1561 laryceis
960 1518 1224 1556 contextum,
1271 1507 1383 1547 villis
1413 1507 1568 1555 ovinis,
1612 1507 1784 1562 piloque

111 1581 415 1636 capreolorum,
462 1579 626 1634 equinis
673 1580 770 1620 setis
808 1591 849 1620 et
885 1581 1037 1636 plumis
1069 1581 1279 1620 vulturino
1308 1592 1486 1621 stercore
1516 1582 1784 1621 caementatis

112 1655 404 1710 calyculatum.
463 1656 555 1695 Ova
585 1656 690 1696 alba.
749 1659 822 1695 Est
849 1655 894 1695 in
924 1671 995 1696 suo
1026 1670 1175 1710 genere
1205 1670 1401 1710 generosa
1430 1656 1535 1704 avis,
1567 1671 1671 1711 quae
1702 1672 1785 1697 non

113 1730 209 1770 solis
239 1729 506 1770 cadaveribus
535 1730 691 1777 inhiat,
722 1732 794 1770 sed
824 1730 1045 1771 venatione
1074 1730 1180 1770 vivit
1209 1730 1268 1770 ita
1299 1741 1343 1770 ut
1372 1731 1602 1785 Antelopes
1629 1731 1785 1771 adoria-

111 1817 198 1852 tur,
240 1816 281 1844 et
310 1807 538 1844 Ammones
568 1805 654 1845 visa
685 1817 745 1846 est
775 1821 798 1845 e
828 1805 997 1861 rupibus
1035 1805 1216 1858 dejicere
1244 1816 1289 1844 ut
1318 1805 1434 1860 lapsu
1463 1805 1694 1845 occisorum
1723 1821 1786 1845 ca-

113 1879 332 1920 daveribus
360 1879 577 1934 potiretur.
646 1879 1030 1922 Desertissimarum
1065 1879 1280 1935 regionum
1317 1895 1456 1920 amans
1484 1891 1562 1926 est,
1608 1892 1650 1920 et
1677 1880 1786 1921 inter

115 1968 257 1994 omnes
288 1957 475 2009 Europae
505 1970 671 2010 rapaces
712 1955 900 1994 volucres
930 1954 1133 2001 maxima3
1177 1965 1329 1994 venatu
1368 1954 1619 1994 difficillima
1647 1957 1700 1995 ob
1730 1956 1785 1996 al-

113 2027 319 2068 tissimum
342 2029 523 2069 volatum
541 2040 582 2069 et
596 2028 824 2069 inaccessas
838 2044 958 2083 rupes
974 2029 1017 2068 in
1032 2028 1180 2082 quibus
1196 2028 1338 2068 vivere
1356 2039 1479 2067 amat.
1523 2028 1646 2068 Tales
1661 2044 1782 2084 rupes

118 2104 168 2143 ad
199 2104 390 2144 Orionem
421 2105 470 2144 ab
501 2103 646 2143 harum
685 2102 823 2143 avium
860 2101 1091 2157 frequentia
1119 2103 1309 2142 Jellontuz·
1336 2118 1359 2141 a
1388 2101 1572 2141 Buraetis
1603 2104 1782 2159 appella-

116 2189 196 2218 tae.
255 2177 430 2218 Ircutiae
460 2178 603 2218 vivum
632 2189 774 2218 nactus
804 2193 893 2217 sum
931 2176 1162 2231 specimen,
1206 2180 1288 2231 jam
1329 2190 1403 2231 per
1439 2175 1682 2231 quindecim
1718 2183 1783 2219 an-

116 2266 190 2292 nos
219 2251 264 2291 in
294 2267 418 2292 cavea
442 2252 688 2302 enutritum,
718 2251 1064 2308 pulcherrimum,
1096 2252 1208 2305 quod
1231 2266 1305 2306 pro
1330 2250 1519 2306 sequenti
1544 2252 1784 2308 descriptio-

117 2341 169 2366 ne
199 2327 356 2368 serviit.
415 2330 454 2368 V
453 2344 506 2368 ox
536 2340 622 2368 erat
650 2328 716 2368 illi
744 2326 887 2373 exilis,
924 2325 1101 2380 Aquilae
1130 2327 1348 2366 Albicillae
1378 2327 1560 2374 aemula,
1590 2342 1712 2382 quam
1742 2338 1785 2368 et

118 2401 319 2454 gravitate
363 2403 546 2458 corporis
575 2414 618 2445 et
645 2402 796 2445 inertia
826 2402 1066 2444 aemulatur.
1126 2402 1248 2445 Calor
1275 2401 1486 2458 sanguinis
1514 2401 1559 2444 in
1588 2401 1685 2444 vivo
1715 2416 1784 2443 ex-
