2196 2927
372 200 428 226 70
1119 192 1262 214 Ξ

372 299 467 343 bus,
498 295 670 348 aliisque
700 289 881 330 marinis.
949 291 1153 343 Hyemem
1181 289 1372 344 transigit
1399 289 1444 329 in
1473 289 1586 330 sicco
1614 301 1655 330 et
1685 304 1805 345 saepe
1835 291 2042 331 nivalibus

372 370 569 428 procellis
613 369 810 419 deceptus
852 364 974 417 longe
1018 365 1067 403 ab
1111 365 1280 405 Oceano
1320 364 1363 404 in
1393 375 1519 404 terras
1549 376 1762 418 evagatur,
1806 376 1851 405 ut
1879 367 2043 421 spelaea

373 455 542 500 quaerat
569 453 611 482 et
640 440 836 494 hyemem
866 438 1006 492 quiete
1035 439 1246 494 transigat.
1305 443 1352 479 In
1375 439 1668 495 temperatiora
1692 440 1820 479 maria
1835 455 2044 494 nunquam

373 517 594 576 processit,
637 516 739 555 fidus
783 513 972 554 Rosmari
1013 528 1163 553 comes.
1233 517 1362 554 Natat
1403 514 1580 569 optime3
1624 515 1669 554 in
1711 514 1822 555 sicco
1864 513 2045 569 ineptius

373 604 527 649 pugnat
555 602 597 632 et
627 590 748 629 facile
777 588 1002 638 occiditur,
1046 589 1144 627 dum
1173 588 1218 628 in
1246 589 1406 643 postica
1437 601 1594 630 erectus
1623 604 1664 630 se
1696 589 1905 636 defendit,
1934 588 2045 628 vitae

374 668 510 709 minus
525 678 672 713 tenax,
702 679 825 719 quam
838 662 1041 703 terrestris
1065 678 1191 703 ursus.
1250 666 1364 717 Quae
1387 665 1437 704 de
1454 664 1530 704 illo
1553 666 1639 704 fuse
1655 664 1767 704 dicta
1790 675 1883 704 sunt
1899 663 1942 703 in
1961 665 2047 718 Spi-

376 747 535 796 cilegiis
548 746 625 783 loc.
642 745 709 780 cit.
738 739 810 778 hic
842 750 1026 792 repetere
1056 738 1190 788 nolui,
1220 753 1296 778 nec
1315 738 1481 778 iconem
1503 739 1566 780 ibi
1580 740 1777 779 insertam
1792 738 1864 778 hic
1882 738 2045 777 iterare.

375 817 542 858 Adultis
571 817 813 871 plerumque
843 813 1061 867 longitudo
1090 814 1142 853 ad.
1171 814 1546 868 septempedalem‚
1585 814 1761 855 altitudo
1793 827 1832 862 2:¹⁵
1861 812 1993 869 pedis.

779 1032 1014 1084 Genus
1063 1035 1152 1085 IV.
1229 1034 1369 1082 ME
1419 1033 1464 1082 L
1514 1034 1554 1082 E
1603 1033 1647 1082 S.

512 1223 602 1259 Hoc
646 1218 888 1258 animalium
930 1232 1077 1272 genus,
1121 1218 1232 1271 quod
1273 1216 1383 1256 inter
1410 1215 1631 1255 Americae
1675 1216 1871 1255 animalia
1901 1220 2054 1269 species

379 1303 457 1334 tres
487 1292 723 1341 distinctas,
762 1297 863 1332 ursis
900 1293 1024 1345 vulgo
1054 1292 1338 1330 adnumeratas
1369 1289 1573 1344 agnoscit,
1618 1289 1662 1330 in
1692 1293 1880 1344 Europae
1910 1289 2049 1328 Asiae-

379 1383 458 1422 que
489 1366 740 1408 Continente
769 1377 929 1406 tanturn
960 1367 1059 1406 duas
1087 1364 1259 1419 recipit,
1297 1366 1444 1405 Melem
1472 1365 1597 1418 vulgo
1626 1365 1685 1406 sic
1716 1365 1873 1405 dictam
1902 1375 1945 1403 et
1973 1364 2050 1403 Gu-

378 1446 529 1490 lonem,
572 1454 648 1480 nec
692 1439 889 1480 hactenus
930 1441 1039 1480 inter
1079 1439 1277 1479 Africana
1319 1438 1515 1478 animalia
1543 1440 1628 1480 ulla
1657 1440 1797 1480 eidem
1828 1438 2051 1478 adinventa

380 1527 451 1555 est.
526 1515 701 1554 Habitus
743 1515 809 1554 illi
846 1526 888 1554 et
927 1530 1055 1554 mores
1084 1513 1213 1553 medii
1241 1514 1351 1553 inter
1384 1514 1509 1553 Ursos
1539 1525 1579 1553 et
1610 1517 1815 1554 Vivet-ras.-
1858 1515 2051 1552 Dentium

379 1599 579 1628 structura
608 1603 753 1642 parum
782 1588 962 1635 diversa3
994 1589 1113 1642 pedes
1141 1587 1299 1626 similes
1328 1587 1451 1641 longe
1481 1588 1761 1641 unguiculafi,
1806 1588 2049 1643 plerumque

381 1664 431 1703 ad
461 1663 740 1702 scandendum
778 1673 818 1701 et
857 1661 1098 1701 fodiendum
1144 1660 1355 1708 instructi3
1393 1665 1526 1713 facies
1556 1663 1738 1716 argutior
1774 1677 1897 1716 quam
1934 1661 2050 1707 ursis,

379 1741 497 1778 villus
527 1736 598 1776 vix
628 1737 762 1776 minus
790 1736 922 1785 rudis,
954 1737 1026 1790 qui
1054 1735 1099 1775 in
1148 1735 1321 1774 viverris
1350 1735 1553 1783 tenerior3
1598 1742 1726 1776 trunci
1756 1737 1886 1776 forma
1915 1735 2052 1774 ursina

381 1811 533 1864 magis,
578 1811 621 1850 in
651 1811 823 1852 viverris
853 1810 1139 1865 g1·acile11tior;
1186 1814 1296 1850 sinus
1337 1811 1530 1850 sebaceus
1571 1810 1751 1850 foetidus
1793 1812 1866 1850 sub
1908 1811 2052 1855 cauda,

380 1883 596 1940 plerasque
627 1887 676 1926 ab
707 1885 809 1925 ursis
839 1885 1075 1940 distinguit,
1122 1884 1230 1924 sicut
1259 1900 1280 1923 a
1311 1884 1483 1924 viverris
1528 1885 1689 1925 minore
1718 1889 1905 1939 agilitate
1935 1883 2051 1924 diffe-

382 1971 488 1999 runt.
546 1962 827 2013 Magnitudine
857 1971 949 2000 sunt
978 1959 1255 1999 intermediae
1285 1970 1327 1999 et
1356 1970 1517 2000 tantum
1547 1976 1570 1999 a
1607 1960 1801 2007 viverris,
1855 1970 2054 2014 quantum

381 2032 459 2074 hae
491 2051 512 2074 a
543 2035 729 2076 mustelis
767 2047 809 2076 et
850 2035 967 2075 lutris
998 2035 1165 2075 distant.

854 2202 937 2246 19.
1028 2190 1294 2233 MELES
1352 2190 1580 2233 Taaeus.

520 2314 578 2350 M.
609 2312 816 2361 cinereus,
855 2313 994 2352 subtus
1024 2323 1130 2362 ater,
1163 2314 1298 2368 capite
1327 2314 1554 2363 albicante,
1588 2313 1713 2354 fascia
1744 2312 1935 2365 utrinque
1966 2311 2051 2353 lon-

385 2383 608 2437 gitudinali
637 2386 763 2440 nigra.
