2196 2927
877 183 1022 208 ¹¹—-.—-—-
1703 184 1789 225 21?

130 297 262 327 totam
284 285 499 335 Sibh-iam,
530 284 640 326 circa
663 283 871 326 Baicalem
891 282 1070 324 maxime
1093 283 1228 324 lacum
1250 293 1291 324 et
1320 282 1372 326 ad
1400 282 1536 325 Vitim
1563 296 1606 325 et
1634 286 1790 324 Lenam

130 361 276 401 fluvios
306 376 454 416 usque,
486 375 569 401 non
598 361 642 400 in
670 360 850 400 maxime
880 357 1133 406 borealibus,
1165 373 1240 397 nec
1270 358 1313 397 in
1341 360 1488 401 ultimo
1517 359 1693 400 Sibiriae
1722 375 1791 399 an-

136 437 246 490 gulo.
305 436 439 476 Oestri
467 446 627 489 tempus
657 433 808 474 incidit
835 443 1013 472 exeunte
1042 437 1249 485 Augusto;
1287 447 1431 473 cervae
1458 435 1623 489 pariunt
1650 433 1792 475 medio

132 510 300 550 circiter
329 513 460 563 Majo,
491 519 533 548 et
561 519 659 548 tunc
688 507 883 563 separatis
914 506 1103 562 gregibus
1131 518 1351 561 pascuntur
1371 518 1414 548 et
1435 507 1654 550 hinnulum
1676 523 1794 550 suum

132 583 278 639 primis
308 585 464 623 duobus
495 581 701 623 mensibus
732 583 1002 622 abscondunt.
1060 581 1291 622 Hinnulum
1320 582 1454 623 adhuc
1483 583 1695 633 lactantes,
1727 599 1796 624 au·

130 669 275 698 tumno
304 671 424 711 saepe
454 656 681 712 implentur
710 656 880 705 iterum,
912 667 955 696 et
982 667 1075 711 post
1104 668 1344 711 sequentem
1369 667 1532 713 partum
1560 657 1673 712 prior
1702 657 1794 699 hin·

125 733 248 773 nulus
277 731 432 786 pariter
459 731 644 786 sequitur
671 743 845 771 matrem
875 742 917 770 et
945 741 1061 770 utera
1083 746 1177 771 cum
1203 731 1362 785 juniore
1386 747 1580 787 germano
1602 732 1791 787 partitur.

130 807 298 847 Hinnuli
338 817 560 846 nascuntur
597 807 750 847 vellere
780 807 951 845 obscure
982 805 1234 860 ferrugineo,
1276 806 1441 862 punctis
1468 821 1544 862 per
1571 806 1793 856 cervicem,

121 881 296 921 dorsum
325 891 366 920 et
394 881 523 921 latera
552 880 778 922 ordinatim
808 880 1018 936 dispositis
1048 880 1172 930 albis,
1217 881 1327 921 linea
1363 881 1515 936 spinali
1542 881 1678 935 nigra3
1721 881 1793 921 sed

130 955 262 995 altero
304 955 449 995 aetatis
493 971 633 995 mense
677 956 861 996 maculae
905 959 986 1008 jam
1028 955 1235 1011 incipiunt
1277 970 1535 995 evanescere.
1580 954 1796 995 'Anniculi

131 1042 275 1070 mense
305 1032 490 1084 Augusto
520 1030 653 1085 prima
682 1045 831 1070 cornua
862 1029 1072 1084 simplicia
1099 1033 1182 1084 jam
1211 1030 1416 1084 erigentes
1438 1031 1539 1071 fiunt
1560 1030 1794 1078 sabulonem,

123 1115 173 1145 et
198 1104 436 1158 Septembri
466 1119 514 1144 ea
545 1104 681 1146 adhuc
712 1104 857 1144 mollia
887 1115 929 1144 et
958 1105 1067 1160 pelle
1097 1104 1245 1144 vestita
1274 1116 1439 1158 gerunt,
1478 1104 1794 1144 semiulnaribus

119 1177 338 1233 ·'«longiora,
383 1180 654 1218 subflexuosa.
724 1179 872 1219 Adulti
916 1179 1041 1219 Cervi
1083 1194 1232 1219 cornua
1277 1179 1471 1218 amittunt
1512 1179 1648 1234 primo
1685 1192 1795 1227 vere,

125 1251 295 1292 circiter
325 1252 497 1302 Martio,
541 1263 582 1292 et
611 1252 734 1294 Junio
763 1256 845 1306 jam
876 1253 1125 1301 refecerunt,
1171 1254 1242 1292 sed
1284 1252 1418 1292 adhuc
1448 1252 1608 1292 infirma
1652 1262 1798 1306 gerunt

129 1338 173 1367 et
199 1327 312 1382 pelle
340 1338 557 1382 cooperta,
587 1343 711 1383 quam
742 1327 896 1368 deinde
927 1327 1154 1368 deloratam
1184 1326 1264 1381 ipsi
1294 1327 1366 1367 ubi
1391 1326 1592 1380 attingere
1614 1335 1799 1381 possunt,

127 1402 364 1442 comedunt.
422 1403 585 1443 Cornua
614 1402 739 1442 oestri
768 1413 955 1456 tempore
994 1403 1215 1456 pugnando
1245 1402 1473 1455 praeFracta
1502 1416 1584 1441 non
1615 1402 1796 1451 reficere,

126 1476 222 1519 rimo
253 1476 422 1516 mutilos
452 1477 554 1516 tales
586 1491 727 1516 cervos
765 1481 781 1529 ζ
792 1479 828 1515 Κ
829 1478 1093 1529 ymmcrlinge
1123 1478 1297 1527 vocant)
1341 1475 1630 1530 propagationi
1671 1476 1799 1515 etiam

136 1549 306 1590 inutiles
336 1549 446 1599 fieri,
479 1553 774 1590 Germanorum
806 1549 1011 1588 doctiores
1041 1560 1255 1588 venatores
1285 1560 1478 1591 asserunt.
1534 1550 1681 1597 Annis,
1712 1549 1800 1603 qui-

137 1625 212 1664 bus
242 1624 385 1678 pabuli
414 1623 585 1678 penuria
615 1635 855 1679 premuntur
884 1623 1015 1671 cervi,
1047 1634 1205 1662 certum
1235 1633 1296 1662 est
1323 1638 1394 1663 eos
1418 1623 1630 1678 pauciores
1652 1623 1696 1662 in
1713 1638 1798 1663 cor-

135 1698 255 1737 nibus
286 1713 418 1737 ramos
449 1700 634 1748 reficere,
673 1713 797 1752 quam
827 1709 945 1737 antea
974 1712 1046 1752 pei·
1075 1708 1250 1736 aetatem
1281 1697 1598 1751 aequisiverant.
1655 1697 1800 1738 Omni-

137 1773 213 1812 bus
243 1771 396 1826 hyeme
427 1773 558 1812 vellus
588 1772 789 1813 excrescit
817 1772 997 1825 longius,
1031 1771 1160 1825 magis
1189 1786 1211 1810 e
1241 1773 1354 1811 fusco
1384 1772 1613 1819 cinereum;
1646 1783 1799 1812 aestate

128 1845 262 1900 magis
304 1846 550 1887 fulvescunr.
623 1848 802 1902 Campos
846 1858 888 1885 et
928 1846 1063 1900 sylves
1106 1845 1428 1887 intermontanas
1463 1846 1617 1902 pariter
1645 1857 1797 1887 amant.

132 1920 384 1974 Happelaphi
412 1922 521 1975 apud
550 1937 622 1962 nos
652 1937 755 1971 non,
800 1922 911 1975 quod
941 1921 1086 1970 sciam,
1131 1922 1410 1961 observantur.
1479 1922 1657 1963 Cervam
1686 1919 1797 1960 adul·

134 2004 221 2034 tam
249 1993 293 2033 in
322 1996 559 2036 subaltaicis
590 1999 776 2050 Augusto
805 1995 864 2035 ita
893 1994 1105 2048 descripsi.

268 2069 442 2109 Descr.
485 2073 720 2124 Europaeus
750 2069 1036 2124 magnitudine
1068 2071 1270 2109 excedere
1299 2069 1475 2109 videtur.
1533 2071 1666 2122 Caput
1687 2067 1799 2108 elon-

142 2153 302 2197 gatum,
345 2153 473 2183 rostro
513 2145 713 2198 producto
755 2158 892 2183 versus
935 2145 1112 2182 frontem
1141 2144 1470 2198 subcompresso,
1514 2155 1700 2184 extremo
1732 2145 1799 2184 de·

142 2216 438 2272 pressiusculo,
467 2220 700 2258 rotundato.
756 2219 885 2257 Nares
913 2218 1095 2265 lunatae,
1126 2217 1310 2272 patulae,
1348 2219 1665 2273 subparallelae,
1701 2219 1799 2259 late·

130 2292 260 2339 sales3
302 2291 567 2332 intervallum
598 2307 669 2331 seu
697 2303 851 2348 septum
880 2291 1027 2341 latum,
1065 2306 1160 2332 cum
1189 2292 1333 2346 majori
1370 2304 1485 2348 parte
1514 2294 1708 2349 marginis
1737 2309 1797 2336 su-

138 2366 234 2421 ⁴peri
263 2367 423 2408 narium
451 2378 494 2409 et
530 2366 668 2408 media
708 2367 900 2423 portione
942 2366 1063 2419 labii,
1106 2366 1243 2423 nigra,
1284 2369 1550 2423 grandinosa,
1593 2368 1798 2412 fasciculis

1317 2449 1369 2488 26
