<?xml version="1.0" encoding="UTF-8"?>
<!DOCTYPE html PUBLIC "-//W3C//DTD XHTML 1.0 Transitional//EN"
    "http://www.w3.org/TR/xhtml1/DTD/xhtml1-transitional.dtd">
<html xmlns="http://www.w3.org/1999/xhtml" xml:lang="en" lang="en">
 <head>
  <title>
</title>
<meta http-equiv="Content-Type" content="text/html;charset=utf-8" />
  <meta name='ocr-system' content='tesseract 3.04.00' />
  <meta name='ocr-capabilities' content='ocr_page ocr_carea ocr_par ocr_line ocrx_word'/>
</head>
<body>
  <div class='ocr_page' id='page_1' title='image "./zoographiarossoa11831pall_0222.png"; bbox 0 0 2196 2927; ppageno 0'>
   <div class='ocr_carea' id='block_1_1' title="bbox 1188 179 1330 189">
    <p class='ocr_par' dir='ltr' id='par_1_1' title="bbox 1188 179 1330 189">
     <span class='ocr_line' id='line_1_1' title="bbox 1188 179 1330 189; baseline -0.014 0"><span class='ocrx_word' id='word_1_1' title='bbox 1188 179 1330 189; x_wconf 69' lang='lat'>———-</span> 
     </span>
    </p>
   </div>
   <div class='ocr_carea' id='block_1_2' title="bbox 742 261 1785 444">
    <p class='ocr_par' dir='ltr' id='par_1_2' title="bbox 742 261 1785 444">
     <span class='ocr_line' id='line_1_2' title="bbox 1001 261 1514 313; baseline -0.008 0"><span class='ocrx_word' id='word_1_2' title='bbox 1001 261 1336 313; x_wconf 84' lang='lat' dir='ltr'>oRDo</span> <span class='ocrx_word' id='word_1_3' title='bbox 1424 261 1514 312; x_wconf 79' lang='lat' dir='ltr'>lv.</span> 
     </span>
     <span class='ocr_line' id='line_1_3' title="bbox 742 368 1785 444; baseline -0.001 0"><span class='ocrx_word' id='word_1_4' title='bbox 742 368 1785 444; x_wconf 72' lang='lat' dir='ltr'><strong>RUMINANTIA.</strong></span> 
     </span>
    </p>
   </div>
   <div class='ocr_carea' id='block_1_3' title="bbox 428 163 1331 206">
    <p class='ocr_par' dir='ltr' id='par_1_3' title="bbox 428 163 1331 206">
     <span class='ocr_line' id='line_1_4' title="bbox 428 163 1331 206; baseline -0.002 -12"><span class='ocrx_word' id='word_1_5' title='bbox 428 167 507 206; x_wconf 81' lang='lat'>192</span> <span class='ocrx_word' id='word_1_6' title='bbox 1188 163 1331 179; x_wconf 80' lang='grc'>--·</span> 
     </span>
    </p>
   </div>
   <div class='ocr_carea' id='block_1_4' title="bbox 419 564 2108 2347">
    <p class='ocr_par' dir='ltr' id='par_1_4' title="bbox 419 564 2108 2347">
     <span class='ocr_line' id='line_1_5' title="bbox 555 564 2098 618; baseline 0 -13"><span class='ocrx_word' id='word_1_7' title='bbox 555 568 817 606; x_wconf 69' lang='grc' dir='ltr'><em>Ηιιηιὶηαηέία</em></span> <span class='ocrx_word' id='word_1_8' title='bbox 847 566 916 605; x_wconf 87' lang='lat' dir='ltr'>vel</span> <span class='ocrx_word' id='word_1_9' title='bbox 945 567 1200 618; x_wconf 66' lang='grc' dir='ltr'><strong><em>Μηρυκοὶζεντοι</em></strong></span> <span class='ocrx_word' id='word_1_10' title='bbox 1230 566 1507 607; x_wconf 76' lang='lat' dir='ltr'><em>Aristoteli</em></span> <span class='ocrx_word' id='word_1_11' title='bbox 1544 567 1624 617; x_wconf 88' lang='lat' dir='ltr'>jam</span> <span class='ocrx_word' id='word_1_12' title='bbox 1654 575 1775 606; x_wconf 87' lang='lat' dir='ltr'>notus</span> <span class='ocrx_word' id='word_1_13' title='bbox 1799 564 1915 605; x_wconf 81' lang='lat' dir='ltr'>Ordo</span> <span class='ocrx_word' id='word_1_14' title='bbox 1941 577 2098 606; x_wconf 78' lang='lat' dir='ltr'>natura‹</span> 
     </span>
     <span class='ocr_line' id='line_1_6' title="bbox 419 638 2100 697; baseline -0.001 -14"><span class='ocrx_word' id='word_1_15' title='bbox 419 641 492 690; x_wconf 83' lang='lat' dir='ltr'>lis,</span> <span class='ocrx_word' id='word_1_16' title='bbox 541 641 732 681; x_wconf 86' lang='lat' dir='ltr'>omnibus</span> <span class='ocrx_word' id='word_1_17' title='bbox 760 653 903 697; x_wconf 84' lang='lat' dir='ltr'>postea</span> <span class='ocrx_word' id='word_1_18' title='bbox 935 638 1129 692; x_wconf 75' lang='lat' dir='ltr'>Zoologis</span> <span class='ocrx_word' id='word_1_19' title='bbox 1159 641 1396 695; x_wconf 79' lang='lat' dir='ltr'>adoptatus,</span> <span class='ocrx_word' id='word_1_20' title='bbox 1425 652 1510 681; x_wconf 82' lang='lat' dir='ltr'>tam</span> <span class='ocrx_word' id='word_1_21' title='bbox 1538 640 1720 680; x_wconf 79' lang='lat' dir='ltr'>illustres</span> <span class='ocrx_word' id='word_1_22' title='bbox 1749 639 1878 680; x_wconf 80' lang='lat' dir='ltr'>habet</span> <span class='ocrx_word' id='word_1_23' title='bbox 1907 652 2100 682; x_wconf 83' lang='lat' dir='ltr'>externos</span> 
     </span>
     <span class='ocr_line' id='line_1_7' title="bbox 421 713 2101 773; baseline -0.001 -16"><span class='ocrx_word' id='word_1_24' title='bbox 421 717 578 773; x_wconf 81' lang='lat' dir='ltr'>pariter</span> <span class='ocrx_word' id='word_1_25' title='bbox 607 728 648 756; x_wconf 87' lang='lat' dir='ltr'>et</span> <span class='ocrx_word' id='word_1_26' title='bbox 678 717 863 757; x_wconf 85' lang='lat' dir='ltr'>internos</span> <span class='ocrx_word' id='word_1_27' title='bbox 893 713 1172 763; x_wconf 74' lang='lat' dir='ltr'><strong>characteres,</strong></span> <span class='ocrx_word' id='word_1_28' title='bbox 1205 726 1249 755; x_wconf 86' lang='lat' dir='ltr'>ut</span> <span class='ocrx_word' id='word_1_29' title='bbox 1278 715 1438 757; x_wconf 82' lang='lat' dir='ltr'>nemini</span> <span class='ocrx_word' id='word_1_30' title='bbox 1467 730 1550 757; x_wconf 83' lang='lat' dir='ltr'>non</span> <span class='ocrx_word' id='word_1_31' title='bbox 1579 715 1623 755; x_wconf 86' lang='lat' dir='ltr'>in</span> <span class='ocrx_word' id='word_1_32' title='bbox 1654 716 1795 755; x_wconf 83' lang='lat' dir='ltr'>oculos</span> <span class='ocrx_word' id='word_1_33' title='bbox 1825 715 2037 755; x_wconf 80' lang='lat' dir='ltr'>incurrant</span> <span class='ocrx_word' id='word_1_34' title='bbox 2059 727 2101 756; x_wconf 84' lang='lat' dir='ltr'>et</span> 
     </span>
     <span class='ocr_line' id='line_1_8' title="bbox 421 787 2102 846; baseline -0.001 -15"><span class='ocrx_word' id='word_1_35' title='bbox 421 792 707 833; x_wconf 83' lang='lat' dir='ltr'>artificialibus</span> <span class='ocrx_word' id='word_1_36' title='bbox 737 806 901 846; x_wconf 86' lang='lat' dir='ltr'>quoque</span> <span class='ocrx_word' id='word_1_37' title='bbox 933 787 1144 830; x_wconf 63' lang='lat' dir='ltr'>methodis</span> <span class='ocrx_word' id='word_1_38' title='bbox 1173 790 1438 831; x_wconf 81' lang='lat' dir='ltr'>conveniant,</span> <span class='ocrx_word' id='word_1_39' title='bbox 1497 792 1689 830; x_wconf 69' lang='lat' dir='ltr'>Dentium</span> <span class='ocrx_word' id='word_1_40' title='bbox 1719 796 1938 845; x_wconf 81' lang='lat' dir='ltr'>primorum</span> <span class='ocrx_word' id='word_1_41' title='bbox 1966 790 2010 830; x_wconf 85' lang='lat' dir='ltr'>in</span> <span class='ocrx_word' id='word_1_42' title='bbox 2041 806 2102 830; x_wconf 80' lang='lat' dir='ltr'>su-</span> 
     </span>
     <span class='ocr_line' id='line_1_9' title="bbox 422 865 2102 923; baseline -0.001 -16"><span class='ocrx_word' id='word_1_43' title='bbox 422 866 586 923; x_wconf 80' lang='lat' dir='ltr'>periore</span> <span class='ocrx_word' id='word_1_44' title='bbox 616 866 789 907; x_wconf 80' lang='lat' dir='ltr'>maxilla</span> <span class='ocrx_word' id='word_1_45' title='bbox 820 866 1026 913; x_wconf 76' lang='lat' dir='ltr'>defectus,</span> <span class='ocrx_word' id='word_1_46' title='bbox 1070 868 1247 919; x_wconf 71' lang='lat' dir='ltr'>ungulae</span> <span class='ocrx_word' id='word_1_47' title='bbox 1277 866 1432 920; x_wconf 86' lang='lat' dir='ltr'>pedum</span> <span class='ocrx_word' id='word_1_48' title='bbox 1470 866 1634 913; x_wconf 82' lang='lat' dir='ltr'>fissiles,</span> <span class='ocrx_word' id='word_1_49' title='bbox 1675 865 1887 921; x_wconf 82' lang='lat' dir='ltr'>totiusque</span> <span class='ocrx_word' id='word_1_50' title='bbox 1918 865 2102 921; x_wconf 85' lang='lat' dir='ltr'>corporis</span> 
     </span>
     <span class='ocr_line' id='line_1_10' title="bbox 422 940 2102 995; baseline -0.001 -13"><span class='ocrx_word' id='word_1_51' title='bbox 422 943 606 989; x_wconf 74' lang='lat' dir='ltr'>habitu85</span> <span class='ocrx_word' id='word_1_52' title='bbox 647 953 735 982; x_wconf 77' lang='lat' dir='ltr'>tum</span> <span class='ocrx_word' id='word_1_53' title='bbox 773 941 958 981; x_wconf 86' lang='lat' dir='ltr'>interne:</span> <span class='ocrx_word' id='word_1_54' title='bbox 1001 941 1255 980; x_wconf 72' lang='lat' dir='ltr'>Ventriculus</span> <span class='ocrx_word' id='word_1_55' title='bbox 1293 941 1573 995; x_wconf 80' lang='lat' dir='ltr'>quadruplex,</span> <span class='ocrx_word' id='word_1_56' title='bbox 1616 945 1819 980; x_wconf 74' lang='lat' dir='ltr'>intestima</span> <span class='ocrx_word' id='word_1_57' title='bbox 1862 940 2102 994; x_wconf 82' lang='lat' dir='ltr'>longissima</span> 
     </span>
     <span class='ocr_line' id='line_1_11' title="bbox 422 1014 2103 1072; baseline -0.002 -14"><span class='ocrx_word' id='word_1_58' title='bbox 422 1031 518 1058; x_wconf 86' lang='lat' dir='ltr'>cum</span> <span class='ocrx_word' id='word_1_59' title='bbox 556 1032 703 1066; x_wconf 86' lang='lat' dir='ltr'>coeco,</span> <span class='ocrx_word' id='word_1_60' title='bbox 750 1017 875 1072; x_wconf 75' lang='lat' dir='ltr'>adeps</span> <span class='ocrx_word' id='word_1_61' title='bbox 911 1031 986 1071; x_wconf 86' lang='lat' dir='ltr'>pro</span> <span class='ocrx_word' id='word_1_62' title='bbox 1021 1014 1300 1072; x_wconf 75' lang='lat' dir='ltr'>pinguedine,</span> <span class='ocrx_word' id='word_1_63' title='bbox 1345 1016 1606 1068; x_wconf 53' lang='lat' dir='ltr'>cotyledone?</span> <span class='ocrx_word' id='word_1_64' title='bbox 1642 1015 1685 1056; x_wconf 84' lang='lat' dir='ltr'>in</span> <span class='ocrx_word' id='word_1_65' title='bbox 1724 1016 1916 1071; x_wconf 84' lang='lat' dir='ltr'>placenta</span> <span class='ocrx_word' id='word_1_66' title='bbox 1955 1017 2103 1064; x_wconf 77' lang='lat' dir='ltr'>foetus,</span> 
     </span>
     <span class='ocr_line' id='line_1_12' title="bbox 422 1090 2104 1146; baseline 0 -15"><span class='ocrx_word' id='word_1_67' title='bbox 422 1091 684 1133; x_wconf 69' lang='lat' dir='ltr'>characteres</span> <span class='ocrx_word' id='word_1_68' title='bbox 728 1095 815 1142; x_wconf 83' lang='lat' dir='ltr'>ejus</span> <span class='ocrx_word' id='word_1_69' title='bbox 853 1102 947 1131; x_wconf 85' lang='lat' dir='ltr'>sunt</span> <span class='ocrx_word' id='word_1_70' title='bbox 986 1095 1068 1145; x_wconf 82' lang='lat' dir='ltr'>jam</span> <span class='ocrx_word' id='word_1_71' title='bbox 1108 1090 1395 1145; x_wconf 78' lang='lat' dir='ltr'>antiquissimo</span> <span class='ocrx_word' id='word_1_72' title='bbox 1426 1090 1704 1145; x_wconf 81' lang='lat' dir='ltr'>Zoologorum</span> <span class='ocrx_word' id='word_1_73' title='bbox 1734 1090 1913 1146; x_wconf 76' lang='lat' dir='ltr'>cogniti,</span> <span class='ocrx_word' id='word_1_74' title='bbox 1956 1090 2104 1146; x_wconf 78' lang='lat' dir='ltr'>quibus</span> 
     </span>
     <span class='ocr_line' id='line_1_13' title="bbox 424 1165 2105 1223; baseline -0.001 -16"><span class='ocrx_word' id='word_1_75' title='bbox 424 1166 534 1207; x_wconf 83' lang='lat' dir='ltr'>nihil</span> <span class='ocrx_word' id='word_1_76' title='bbox 564 1179 708 1223; x_wconf 81' lang='lat' dir='ltr'>postea</span> <span class='ocrx_word' id='word_1_77' title='bbox 739 1168 978 1216; x_wconf 84' lang='lat' dir='ltr'>adjecerunt</span> <span class='ocrx_word' id='word_1_78' title='bbox 1002 1166 1201 1206; x_wconf 75' lang='lat' dir='ltr'>scientiae</span> <span class='ocrx_word' id='word_1_79' title='bbox 1223 1165 1435 1206; x_wconf 78' lang='lat' dir='ltr'>Naturalis</span> <span class='ocrx_word' id='word_1_80' title='bbox 1458 1181 1662 1221; x_wconf 84' lang='lat' dir='ltr'>proceres,</span> <span class='ocrx_word' id='word_1_81' title='bbox 1722 1165 1952 1206; x_wconf 83' lang='lat' dir='ltr'>Distinctio</span> <span class='ocrx_word' id='word_1_82' title='bbox 1977 1165 2105 1205; x_wconf 84' lang='lat' dir='ltr'>etiam</span> 
     </span>
     <span class='ocr_line' id='line_1_14' title="bbox 423 1240 2105 1296; baseline -0.001 -14"><span class='ocrx_word' id='word_1_83' title='bbox 423 1243 467 1283; x_wconf 83' lang='lat' dir='ltr'>in</span> <span class='ocrx_word' id='word_1_84' title='bbox 497 1257 647 1296; x_wconf 82' lang='lat' dir='ltr'>genera</span> <span class='ocrx_word' id='word_1_85' title='bbox 677 1243 762 1281; x_wconf 85' lang='lat' dir='ltr'>fere</span> <span class='ocrx_word' id='word_1_86' title='bbox 792 1243 939 1281; x_wconf 84' lang='lat' dir='ltr'>eadem</span> <span class='ocrx_word' id='word_1_87' title='bbox 968 1240 1118 1280; x_wconf 82' lang='lat' dir='ltr'>nostris</span> <span class='ocrx_word' id='word_1_88' title='bbox 1156 1240 1433 1295; x_wconf 75' lang='lat' dir='ltr'>temporibus,</span> <span class='ocrx_word' id='word_1_89' title='bbox 1477 1255 1583 1295; x_wconf 86' lang='lat' dir='ltr'>quae</span> <span class='ocrx_word' id='word_1_90' title='bbox 1622 1242 1671 1280; x_wconf 86' lang='lat' dir='ltr'>ab</span> <span class='ocrx_word' id='word_1_91' title='bbox 1716 1241 1865 1280; x_wconf 88' lang='lat' dir='ltr'>eodem</span> <span class='ocrx_word' id='word_1_92' title='bbox 1908 1242 2105 1280; x_wconf 76' lang='lat' dir='ltr'>Aristo-</span> 
     </span>
     <span class='ocr_line' id='line_1_15' title="bbox 426 1314 2104 1371; baseline -0.002 -14"><span class='ocrx_word' id='word_1_93' title='bbox 426 1321 521 1358; x_wconf 80' lang='lat' dir='ltr'>tele</span> <span class='ocrx_word' id='word_1_94' title='bbox 550 1316 758 1363; x_wconf 85' lang='lat' dir='ltr'>indicata,</span> <span class='ocrx_word' id='word_1_95' title='bbox 802 1327 962 1363; x_wconf 82' lang='lat' dir='ltr'>manet,</span> <span class='ocrx_word' id='word_1_96' title='bbox 1001 1315 1143 1371; x_wconf 81' lang='lat' dir='ltr'>paucis</span> <span class='ocrx_word' id='word_1_97' title='bbox 1175 1314 1356 1354; x_wconf 81' lang='lat' dir='ltr'>mutatis.</span> <span class='ocrx_word' id='word_1_98' title='bbox 1427 1314 1662 1355; x_wconf 84' lang='lat' dir='ltr'>Utilissima</span> <span class='ocrx_word' id='word_1_99' title='bbox 1692 1317 1919 1355; x_wconf 80' lang='lat' dir='ltr'>domestica</span> <span class='ocrx_word' id='word_1_100' title='bbox 1952 1315 2104 1355; x_wconf 83' lang='lat' dir='ltr'>anima-</span> 
     </span>
     <span class='ocr_line' id='line_1_16' title="bbox 426 1389 2106 1446; baseline -0.001 -14"><span class='ocrx_word' id='word_1_101' title='bbox 426 1393 483 1433; x_wconf 85' lang='lat' dir='ltr'>lia</span> <span class='ocrx_word' id='word_1_102' title='bbox 514 1407 566 1433; x_wconf 78' lang='lat' dir='ltr'>ex</span> <span class='ocrx_word' id='word_1_103' title='bbox 597 1390 679 1431; x_wconf 84' lang='lat' dir='ltr'>hoc</span> <span class='ocrx_word' id='word_1_104' title='bbox 710 1392 856 1432; x_wconf 84' lang='lat' dir='ltr'>ordine</span> <span class='ocrx_word' id='word_1_105' title='bbox 885 1391 965 1431; x_wconf 84' lang='lat' dir='ltr'>sibi</span> <span class='ocrx_word' id='word_1_106' title='bbox 996 1390 1250 1446; x_wconf 84' lang='lat' dir='ltr'>comparavit</span> <span class='ocrx_word' id='word_1_107' title='bbox 1281 1389 1409 1430; x_wconf 87' lang='lat' dir='ltr'>horno</span> <span class='ocrx_word' id='word_1_108' title='bbox 1439 1389 1564 1429; x_wconf 84' lang='lat' dir='ltr'>Asiae</span> <span class='ocrx_word' id='word_1_109' title='bbox 1602 1401 1643 1429; x_wconf 90' lang='lat' dir='ltr'>et</span> <span class='ocrx_word' id='word_1_110' title='bbox 1673 1390 1842 1430; x_wconf 73' lang='lat' dir='ltr'>Africae</span> <span class='ocrx_word' id='word_1_111' title='bbox 1873 1391 2031 1439; x_wconf 89' lang='lat' dir='ltr'>incola,</span> <span class='ocrx_word' id='word_1_112' title='bbox 2064 1402 2106 1430; x_wconf 79' lang='lat' dir='ltr'>et</span> 
     </span>
     <span class='ocr_line' id='line_1_17' title="bbox 425 1464 2105 1522; baseline -0.002 -15"><span class='ocrx_word' id='word_1_113' title='bbox 425 1482 569 1508; x_wconf 82' lang='lat' dir='ltr'>omnes</span> <span class='ocrx_word' id='word_1_114' title='bbox 601 1466 758 1522; x_wconf 82' lang='lat' dir='ltr'>species</span> <span class='ocrx_word' id='word_1_115' title='bbox 791 1466 1126 1514; x_wconf 82' lang='lat' dir='ltr'>Ruminantium,</span> <span class='ocrx_word' id='word_1_116' title='bbox 1157 1464 1323 1505; x_wconf 82' lang='lat' dir='ltr'>homini</span> <span class='ocrx_word' id='word_1_117' title='bbox 1353 1464 1396 1504; x_wconf 86' lang='lat' dir='ltr'>in</span> <span class='ocrx_word' id='word_1_118' title='bbox 1428 1468 1591 1521; x_wconf 81' lang='lat' dir='ltr'>Europa</span> <span class='ocrx_word' id='word_1_119' title='bbox 1621 1476 1663 1505; x_wconf 87' lang='lat' dir='ltr'>et</span> <span class='ocrx_word' id='word_1_120' title='bbox 1693 1465 1793 1505; x_wconf 82' lang='lat' dir='ltr'>Asia</span> <span class='ocrx_word' id='word_1_121' title='bbox 1823 1464 1951 1505; x_wconf 84' lang='lat' dir='ltr'>hodie</span> <span class='ocrx_word' id='word_1_122' title='bbox 1981 1465 2105 1504; x_wconf 87' lang='lat' dir='ltr'>servi-</span> 
     </span>
     <span class='ocr_line' id='line_1_18' title="bbox 425 1540 2103 1599; baseline -0.002 -16"><span class='ocrx_word' id='word_1_123' title='bbox 425 1554 562 1589; x_wconf 89' lang='lat' dir='ltr'>entes,</span> <span class='ocrx_word' id='word_1_124' title='bbox 606 1541 650 1581; x_wconf 87' lang='lat' dir='ltr'>in</span> <span class='ocrx_word' id='word_1_125' title='bbox 692 1543 798 1599; x_wconf 80' lang='lat' dir='ltr'>jugis</span> <span class='ocrx_word' id='word_1_126' title='bbox 839 1541 966 1582; x_wconf 83' lang='lat' dir='ltr'>Asiae</span> <span class='ocrx_word' id='word_1_127' title='bbox 996 1552 1037 1581; x_wconf 86' lang='lat' dir='ltr'>et</span> <span class='ocrx_word' id='word_1_128' title='bbox 1067 1544 1255 1596; x_wconf 83' lang='lat' dir='ltr'>Europae</span> <span class='ocrx_word' id='word_1_129' title='bbox 1286 1540 1511 1581; x_wconf 78' lang='lat' dir='ltr'>etiamnam</span> <span class='ocrx_word' id='word_1_130' title='bbox 1540 1552 1791 1596; x_wconf 75' lang='lat' dir='ltr'>spontaneae</span> <span class='ocrx_word' id='word_1_131' title='bbox 1823 1542 2103 1589; x_wconf 82' lang='lat' dir='ltr'>observantur,</span> 
     </span>
     <span class='ocr_line' id='line_1_19' title="bbox 426 1615 2106 1673; baseline -0.002 -15"><span class='ocrx_word' id='word_1_132' title='bbox 426 1618 579 1673; x_wconf 60' lang='lat' dir='ltr'>exiguo</span> <span class='ocrx_word' id='word_1_133' title='bbox 608 1617 709 1658; x_wconf 84' lang='lat' dir='ltr'>licet</span> <span class='ocrx_word' id='word_1_134' title='bbox 738 1633 932 1665; x_wconf 82' lang='lat' dir='ltr'>numero,</span> <span class='ocrx_word' id='word_1_135' title='bbox 964 1633 983 1657; x_wconf 86' lang='lat' dir='ltr'>a</span> <span class='ocrx_word' id='word_1_136' title='bbox 1008 1615 1273 1657; x_wconf 82' lang='lat' dir='ltr'>venatoribus</span> <span class='ocrx_word' id='word_1_137' title='bbox 1296 1617 1597 1671; x_wconf 85' lang='lat' dir='ltr'>propemodum</span> <span class='ocrx_word' id='word_1_138' title='bbox 1613 1616 1884 1671; x_wconf 80' lang='lat' dir='ltr'>exstirpatae3</span> <span class='ocrx_word' id='word_1_139' title='bbox 1916 1615 1974 1656; x_wconf 85' lang='lat' dir='ltr'>sic</span> <span class='ocrx_word' id='word_1_140' title='bbox 1992 1615 2106 1655; x_wconf 88' lang='lat' dir='ltr'>enim</span> 
     </span>
     <span class='ocr_line' id='line_1_20' title="bbox 427 1689 2105 1747; baseline -0.002 -15"><span class='ocrx_word' id='word_1_141' title='bbox 427 1693 545 1747; x_wconf 78' lang='lat' dir='ltr'>origo</span> <span class='ocrx_word' id='word_1_142' title='bbox 576 1692 732 1733; x_wconf 83' lang='lat' dir='ltr'>Bovilli</span> <span class='ocrx_word' id='word_1_143' title='bbox 761 1693 923 1747; x_wconf 86' lang='lat' dir='ltr'>pecoris</span> <span class='ocrx_word' id='word_1_144' title='bbox 953 1694 1003 1732; x_wconf 87' lang='lat' dir='ltr'>ab</span> <span class='ocrx_word' id='word_1_145' title='bbox 1034 1695 1141 1738; x_wconf 85' lang='lat' dir='ltr'>Uro,</span> <span class='ocrx_word' id='word_1_146' title='bbox 1171 1691 1316 1731; x_wconf 83' lang='lat' dir='ltr'>Bubali</span> <span class='ocrx_word' id='word_1_147' title='bbox 1350 1707 1371 1730; x_wconf 86' lang='lat' dir='ltr'>a</span> <span class='ocrx_word' id='word_1_148' title='bbox 1402 1695 1447 1731; x_wconf 86' lang='lat' dir='ltr'>B.</span> <span class='ocrx_word' id='word_1_149' title='bbox 1479 1690 1746 1744; x_wconf 70' lang='lat' dir='ltr'>grtilinieiite,</span> <span class='ocrx_word' id='word_1_150' title='bbox 1776 1706 1923 1745; x_wconf 85' lang='lat' dir='ltr'>caprae</span> <span class='ocrx_word' id='word_1_151' title='bbox 1956 1707 1978 1729; x_wconf 87' lang='lat' dir='ltr'>a</span> <span class='ocrx_word' id='word_1_152' title='bbox 2002 1689 2105 1729; x_wconf 83' lang='lat' dir='ltr'>mix-</span> 
     </span>
     <span class='ocr_line' id='line_1_21' title="bbox 429 1765 2108 1821; baseline -0.002 -14"><span class='ocrx_word' id='word_1_153' title='bbox 429 1767 481 1808; x_wconf 86' lang='lat' dir='ltr'>tis</span> <span class='ocrx_word' id='word_1_154' title='bbox 513 1769 616 1807; x_wconf 75' lang='lat' dir='ltr'>forte</span> <span class='ocrx_word' id='word_1_155' title='bbox 647 1767 829 1821; x_wconf 79' lang='lat' dir='ltr'>Aegagri</span> <span class='ocrx_word' id='word_1_156' title='bbox 860 1779 901 1806; x_wconf 83' lang='lat' dir='ltr'>et</span> <span class='ocrx_word' id='word_1_157' title='bbox 932 1766 1054 1806; x_wconf 72' lang='lat' dir='ltr'>Ibisis</span> <span class='ocrx_word' id='word_1_158' title='bbox 1085 1765 1320 1821; x_wconf 79' lang='lat' dir='ltr'>speciebus,</span> <span class='ocrx_word' id='word_1_159' title='bbox 1365 1765 1532 1805; x_wconf 78' lang='lat' dir='ltr'>Ovillae</span> <span class='ocrx_word' id='word_1_160' title='bbox 1561 1765 1733 1819; x_wconf 85' lang='lat' dir='ltr'>pecudis</span> <span class='ocrx_word' id='word_1_161' title='bbox 1765 1781 1786 1804; x_wconf 89' lang='lat' dir='ltr'>a</span> <span class='ocrx_word' id='word_1_162' title='bbox 1817 1769 2035 1804; x_wconf 81' lang='lat' dir='ltr'>Musmone</span> <span class='ocrx_word' id='word_1_163' title='bbox 2065 1774 2108 1804; x_wconf 86' lang='lat' dir='ltr'>et</span> 
     </span>
     <span class='ocr_line' id='line_1_22' title="bbox 430 1839 2106 1895; baseline -0.003 -13"><span class='ocrx_word' id='word_1_164' title='bbox 430 1847 658 1888; x_wconf 85' lang='lat' dir='ltr'>Ammone,</span> <span class='ocrx_word' id='word_1_165' title='bbox 701 1840 954 1895; x_wconf 67' lang='lat' dir='ltr'>Angorensis</span> <span class='ocrx_word' id='word_1_166' title='bbox 988 1856 1137 1895; x_wconf 86' lang='lat' dir='ltr'>caprae</span> <span class='ocrx_word' id='word_1_167' title='bbox 1175 1840 1345 1880; x_wconf 74' lang='lat' dir='ltr'>forsitan</span> <span class='ocrx_word' id='word_1_168' title='bbox 1376 1841 1398 1878; x_wconf 76' lang='lat' dir='ltr'>a</span> <span class='ocrx_word' id='word_1_169' title='bbox 1426 1843 1561 1894; x_wconf 78' lang='lat' dir='ltr'>Trago</span> <span class='ocrx_word' id='word_1_170' title='bbox 1592 1840 1806 1880; x_wconf 84' lang='lat' dir='ltr'>caucasico</span> <span class='ocrx_word' id='word_1_171' title='bbox 1838 1839 2017 1879; x_wconf 74' lang='lat' dir='ltr'>derivari</span> <span class='ocrx_word' id='word_1_172' title='bbox 2052 1840 2106 1878; x_wconf 89' lang='lat' dir='ltr'>fa-</span> 
     </span>
     <span class='ocr_line' id='line_1_23' title="bbox 431 1913 2106 1971; baseline -0.002 -15"><span class='ocrx_word' id='word_1_173' title='bbox 431 1917 512 1956; x_wconf 77' lang='lat' dir='ltr'>cile</span> <span class='ocrx_word' id='word_1_174' title='bbox 544 1927 693 1971; x_wconf 80' lang='lat' dir='ltr'>potest.</span> <span class='ocrx_word' id='word_1_175' title='bbox 753 1919 799 1956; x_wconf 90' lang='lat' dir='ltr'>In</span> <span class='ocrx_word' id='word_1_176' title='bbox 830 1915 1097 1957; x_wconf 82' lang='lat' dir='ltr'>interioribus</span> <span class='ocrx_word' id='word_1_177' title='bbox 1127 1915 1251 1955; x_wconf 84' lang='lat' dir='ltr'>Asiae</span> <span class='ocrx_word' id='word_1_178' title='bbox 1284 1914 1410 1955; x_wconf 85' lang='lat' dir='ltr'>etiam</span> <span class='ocrx_word' id='word_1_179' title='bbox 1437 1915 1654 1955; x_wconf 76' lang='lat' dir='ltr'>camelum</span> <span class='ocrx_word' id='word_1_180' title='bbox 1679 1913 1945 1955; x_wconf 82' lang='lat' dir='ltr'>Bactrianum</span> <span class='ocrx_word' id='word_1_181' title='bbox 1969 1913 2106 1954; x_wconf 77' lang='lat' dir='ltr'>adhuc</span> 
     </span>
     <span class='ocr_line' id='line_1_24' title="bbox 434 1990 2106 2047; baseline -0.002 -16"><span class='ocrx_word' id='word_1_182' title='bbox 434 1993 563 2031; x_wconf 86' lang='lat' dir='ltr'>ferum</span> <span class='ocrx_word' id='word_1_183' title='bbox 587 2006 796 2047; x_wconf 84' lang='lat' dir='ltr'>superesse</span> <span class='ocrx_word' id='word_1_184' title='bbox 822 1990 946 2032; x_wconf 90' lang='lat' dir='ltr'>docui</span> <span class='ocrx_word' id='word_1_185' title='bbox 970 1991 1013 2033; x_wconf 83' lang='lat' dir='ltr'>in</span> <span class='ocrx_word' id='word_1_186' title='bbox 1035 1993 1262 2046; x_wconf 68' lang='lat' dir='ltr'>Splcilegiis</span> <span class='ocrx_word' id='word_1_187' title='bbox 1287 1991 1520 2044; x_wconf 77' lang='lat' dir='ltr'>Zoologicis</span> <span class='ocrx_word' id='word_1_188' title='bbox 1551 1992 1710 2043; x_wconf 77' lang='lat' dir='ltr'>(Fasc.</span> <span class='ocrx_word' id='word_1_189' title='bbox 1742 1992 1814 2030; x_wconf 82' lang='lat' dir='ltr'>XI.</span> <span class='ocrx_word' id='word_1_190' title='bbox 1833 2007 1871 2046; x_wconf 79' lang='lat' dir='ltr'>p.</span> <span class='ocrx_word' id='word_1_191' title='bbox 1888 1999 1925 2039; x_wconf 72' lang='grc'>4.</span> <span class='ocrx_word' id='word_1_192' title='bbox 1949 2000 2029 2029; x_wconf 69' lang='lat' dir='ltr'>not.</span> <span class='ocrx_word' id='word_1_193' title='bbox 2047 1992 2106 2042; x_wconf 82' lang='lat' dir='ltr'>a),</span> 
     </span>
     <span class='ocr_line' id='line_1_25' title="bbox 433 2063 2104 2121; baseline -0.001 -16"><span class='ocrx_word' id='word_1_194' title='bbox 433 2077 474 2105; x_wconf 86' lang='lat' dir='ltr'>et</span> <span class='ocrx_word' id='word_1_195' title='bbox 505 2066 727 2107; x_wconf 84' lang='lat' dir='ltr'>Dromadis</span> <span class='ocrx_word' id='word_1_196' title='bbox 757 2067 863 2106; x_wconf 84' lang='lat' dir='ltr'>forte</span> <span class='ocrx_word' id='word_1_197' title='bbox 901 2065 1061 2121; x_wconf 83' lang='lat' dir='ltr'>species</span> <span class='ocrx_word' id='word_1_198' title='bbox 1099 2065 1143 2105; x_wconf 89' lang='lat' dir='ltr'>in</span> <span class='ocrx_word' id='word_1_199' title='bbox 1175 2065 1339 2105; x_wconf 80' lang='lat' dir='ltr'>mediae</span> <span class='ocrx_word' id='word_1_200' title='bbox 1370 2066 1538 2105; x_wconf 63' lang='lat' dir='ltr'>forsitan</span> <span class='ocrx_word' id='word_1_201' title='bbox 1570 2066 1736 2105; x_wconf 78' lang='lat' dir='ltr'>Africae</span> <span class='ocrx_word' id='word_1_202' title='bbox 1782 2063 1954 2106; x_wconf 75' lang='lat' dir='ltr'>desertis</span> <span class='ocrx_word' id='word_1_203' title='bbox 1984 2063 2104 2114; x_wconf 75' lang='lat' dir='ltr'>vixit,</span> 
     </span>
     <span class='ocr_line' id='line_1_26' title="bbox 432 2140 2106 2197; baseline -0.002 -16"><span class='ocrx_word' id='word_1_204' title='bbox 432 2153 475 2181; x_wconf 86' lang='lat' dir='ltr'>et</span> <span class='ocrx_word' id='word_1_205' title='bbox 503 2141 678 2197; x_wconf 87' lang='lat' dir='ltr'>periisse</span> <span class='ocrx_word' id='word_1_206' title='bbox 709 2141 859 2197; x_wconf 81' lang='lat' dir='ltr'>potuit.</span> <span class='ocrx_word' id='word_1_207' title='bbox 927 2145 960 2181; x_wconf 94' lang='lat' dir='ltr'><strong>E</strong></span> <span class='ocrx_word' id='word_1_208' title='bbox 990 2142 1077 2181; x_wconf 85' lang='lat' dir='ltr'>solo</span> <span class='ocrx_word' id='word_1_209' title='bbox 1116 2140 1284 2181; x_wconf 86' lang='lat' dir='ltr'>cervino</span> <span class='ocrx_word' id='word_1_210' title='bbox 1315 2152 1356 2182; x_wconf 88' lang='lat' dir='ltr'>et</span> <span class='ocrx_word' id='word_1_211' title='bbox 1386 2141 1688 2196; x_wconf 70' lang='lat' dir='ltr'>Anteloparum</span> <span class='ocrx_word' id='word_1_212' title='bbox 1720 2156 1888 2192; x_wconf 67' lang='lat' dir='ltr'>genere,</span> <span class='ocrx_word' id='word_1_213' title='bbox 1931 2153 2106 2195; x_wconf 85' lang='lat' dir='ltr'>quorum</span> 
     </span>
     <span class='ocr_line' id='line_1_27' title="bbox 433 2214 2105 2272; baseline -0.002 -17"><span class='ocrx_word' id='word_1_214' title='bbox 433 2228 572 2256; x_wconf 83' lang='lat' dir='ltr'>tamen</span> <span class='ocrx_word' id='word_1_215' title='bbox 602 2217 762 2272; x_wconf 60' lang='lat' dir='ltr'>species</span> <span class='ocrx_word' id='word_1_216' title='bbox 791 2217 915 2257; x_wconf 83' lang='lat' dir='ltr'>facile</span> <span class='ocrx_word' id='word_1_217' title='bbox 944 2216 1089 2272; x_wconf 80' lang='lat' dir='ltr'>primis</span> <span class='ocrx_word' id='word_1_218' title='bbox 1120 2227 1211 2271; x_wconf 83' lang='lat' dir='ltr'>post</span> <span class='ocrx_word' id='word_1_219' title='bbox 1240 2215 1504 2256; x_wconf 78' lang='lat' dir='ltr'>nativitatem</span> <span class='ocrx_word' id='word_1_220' title='bbox 1535 2217 1681 2256; x_wconf 75' lang='lat' dir='ltr'>diebus</span> <span class='ocrx_word' id='word_1_221' title='bbox 1710 2216 1947 2271; x_wconf 80' lang='lat' dir='ltr'>capiuntur,</span> <span class='ocrx_word' id='word_1_222' title='bbox 1979 2214 2105 2254; x_wconf 83' lang='lat' dir='ltr'>nulla-</span> 
     </span>
     <span class='ocr_line' id='line_1_28' title="bbox 436 2289 2106 2347; baseline -0.002 -18"><span class='ocrx_word' id='word_1_223' title='bbox 436 2305 515 2344; x_wconf 87' lang='lat' dir='ltr'>que</span> <span class='ocrx_word' id='word_1_224' title='bbox 545 2306 669 2345; x_wconf 86' lang='lat' dir='ltr'>opera</span> <span class='ocrx_word' id='word_1_225' title='bbox 699 2292 951 2340; x_wconf 85' lang='lat' dir='ltr'>cicurantur,</span> <span class='ocrx_word' id='word_1_226' title='bbox 983 2292 1160 2340; x_wconf 84' lang='lat' dir='ltr'>nullam,</span> <span class='ocrx_word' id='word_1_227' title='bbox 1204 2302 1368 2346; x_wconf 83' lang='lat' dir='ltr'>praeter</span> <span class='ocrx_word' id='word_1_228' title='bbox 1403 2293 1659 2340; x_wconf 77' lang='lat' dir='ltr'>Tarandum,</span> <span class='ocrx_word' id='word_1_229' title='bbox 1703 2303 1872 2347; x_wconf 75' lang='lat' dir='ltr'>propter</span> <span class='ocrx_word' id='word_1_230' title='bbox 1910 2289 2106 2342; x_wconf 72' lang='lat' dir='ltr'>exiguum</span> 
     </span>
    </p>
   </div>
   <div class='ocr_carea' id='block_1_5' title="bbox 439 2361 2103 2418">
    <p class='ocr_par' dir='ltr' id='par_1_5' title="bbox 439 2361 2103 2418">
     <span class='ocr_line' id='line_1_29' title="bbox 439 2361 2103 2418; baseline 0 -14"><span class='ocrx_word' id='word_1_231' title='bbox 439 2365 542 2405; x_wconf 68' lang='lat' dir='ltr'>forie</span> <span class='ocrx_word' id='word_1_232' title='bbox 572 2381 687 2407; x_wconf 83' lang='lat' dir='ltr'>usum</span> <span class='ocrx_word' id='word_1_233' title='bbox 719 2378 759 2406; x_wconf 83' lang='lat' dir='ltr'>et</span> <span class='ocrx_word' id='word_1_234' title='bbox 789 2366 1042 2408; x_wconf 74' lang='lat' dir='ltr'>teneriorem</span> <span class='ocrx_word' id='word_1_235' title='bbox 1070 2367 1278 2418; x_wconf 83' lang='lat' dir='ltr'>indolem,</span> <span class='ocrx_word' id='word_1_236' title='bbox 1310 2365 1391 2406; x_wconf 82' lang='lat' dir='ltr'>sibi</span> <span class='ocrx_word' id='word_1_237' title='bbox 1420 2366 1461 2407; x_wconf 89' lang='lat' dir='ltr'>in</span> <span class='ocrx_word' id='word_1_238' title='bbox 1493 2367 1733 2407; x_wconf 81' lang='lat' dir='ltr'>servitutem</span> <span class='ocrx_word' id='word_1_239' title='bbox 1764 2363 1939 2405; x_wconf 76' lang='lat' dir='ltr'>adscivit</span> <span class='ocrx_word' id='word_1_240' title='bbox 1962 2361 2103 2404; x_wconf 85' lang='lat' dir='ltr'>homo.</span> 
     </span>
    </p>
   </div>
  </div>
 </body>
</html>
