2196 2927
415 206 499 248 104
1165 203 1311 229 -...-τ...-·

788 318 876 363 36.
965 315 1281 361 P-HOCA
1371 317 1711 361 leonina.

546 431 590 469 P.
621 426 847 468 auriculata
876 427 1127 477 fulvescens,
1158 426 1310 481 palmls
1339 425 1661 482 pinniformibus
1699 424 1886 477 mufficis,
1930 424 2087 482 plantis

408 501 755 557 triunguiculatis.

625 615 766 658 Phoca
806 617 965 670 jubata,
1009 615 1179 655 Gmelin.
1221 624 1325 668 syst.
1354 616 1443 654 Lin.
1473 616 1506 655 Ι.
1538 631 1578 672 p.
1609 621 1674 657 63.
1711 630 1772 672 sp.
1802 624 1842 667 4.
1884 614 2088 655 Schreber.

681 694 889 732 mammal.
920 692 995 730 ΙΙΙ.
1026 706 1065 744 p.
1099 696 1190 730 300.
1221 690 1305 730 tab.
1336 696 1401 731 83.
1431 692 1482 731 Β.

626 798 712 835 Leo
741 793 941 842 marinus,
985 794 1139 833 steller.
1176 793 1281 833 Nov.
1325 794 1440 833 Com.
1470 795 1575 834 Petr.
1604 795 1659 834 II.
1690 810 1730 850 p.
1761 800 1854 836 360.
1896 794 2092 846 Pernetty·

682 875 769 910 itin.
799 871 853 908 II.
885 884 924 922 p.
954 877 1020 920 47.
1051 868 1135 908 tab.
1173 884 1232 906 10.

628 972 814 1014 Leonine
859 971 974 1020 Seal,
1018 971 1210 1011 Pennant.
1247 971 1365 1012 Zool.
1408 981 1509 1012 aret.
1538 973 1572 1010 I.
1615 988 1654 1026 p.
1692 988 1779 1025 172.
1822 987 1860 1011 n.
1891 977 1958 1013 80.
1987 971 2089 1025 Syn.

683 1047 825 1104 quadr.
856 1064 895 1103 p.
927 1053 1019 1096 534.
1056 1062 1095 1085 n.
1124 1052 1216 1096 389.

517 1171 690 1213 Rossice
718 1170 763 1211 in
795 1169 1088 1212 Camtschatca
1115 1171 1323 1210 Siwucsch.

518 1273 852 1316 Gamtschadalis
880 1273 992 1330 Sjucl.
1050 1272 1243 1313 Coraecis
1275 1273 1371 1313 Ula.
1428 1269 1733 1312 Tschuktschis
1767 1273 1884 1314 Unel.

520 1376 676 1420 Curilis
702 1378 871 1431 Ειαερέ.
929 1374 1139 1417 Canadice
1167 1375 1398 1416 Adachluk.
1462 1374 1628 1415 Aleutis
1656 1376 1818 1416 Kciuak.

546 1501 687 1541 Etiam
728 1499 809 1539 hae
852 1498 1082 1554 gregati-ae,
1125 1510 1304 1539 exeunte
1348 1510 1503 1539 aestate
1545 1514 1599 1539 ex
1629 1514 1787 1540 oceano
1816 1500 1992 1555 pacifico
2023 1501 2091 1540 ad-

410 1577 590 1632 migrant
618 1589 757 1614 versus
785 1573 1024 1628 Japoniam‚
1071 1573 1225 1613 insulas
1262 1573 1444 1622 Curilas,
1489 1585 1533 1614 et
1562 1573 1663 1614 inde
1693 1576 1920 1615 secundum
1950 1575 2092 1615 littora

411 1648 729 1693 Camtschatcae
759 1658 802 1688 et
829 1658 1008 1687 tractum
1036 1646 1262 1689 insularum
1284 1664 1423 1689 versus
1446 1648 1687 1690 American]
1717 1648 1986 1705 dispalantur,
2018 1649 2092 1690 ubi

410 1725 644 1783 procellosa
686 1722 839 1777 hyeme
881 1734 1048 1772 exacta,
1090 1723 1206 1778 prole
1250 1735 1392 1764 auctae
1430 1725 1566 1764 denuo
1608 1723 1652 1763 in
1682 1735 1844 1764 vastum
1873 1739 2088 1774 oceanum,

414 1812 596 1841 austrum
625 1813 784 1847 versus,
831 1799 997 1838 abeunt.
1063 1798 1349 1838 Advenientes
1379 1798 1521 1838 statim
1549 1798 1704 1838 solidos
1734 1800 1924 1854 scopulos
1955 1810 1998 1838 et
2026 1814 2090 1838 ru—

414 1875 569 1931 pestria
596 1874 738 1913 littora
768 1884 993 1928 occupant,
1035 1889 1137 1928 quos
1167 1877 1211 1913 P.
1250 1873 1412 1913 ursinae
1442 1884 1485 1913 et
1526 1873 1716 1913 Lutrides
1758 1873 1881 1928 longe
1912 1873 2089 1928 fug‘unt,

413 1950 558 2005 ibique
588 1963 804 2004 soporosae
835 1960 877 1989 et
906 1948 1201 2004 pinguissimae
1231 1948 1562 1998 obdormiscunt,
1594 1959 1636 1988 et
1657 1963 1732 2003 per
1753 1963 1938 1988 mensem
1968 1961 2090 2003 saepe

415 2025 502 2065 sine
546 2025 632 2065 ullo
675 2025 875 2064 alimento
917 2035 1108 2064 stertunt.
1191 2023 1395 2079 Copiosae
1437 2023 1681 2079 praesertim
1723 2023 1833 2064 circa
1874 2023 2092 2079 scopulum

415 2101 587 2149 maida,
633 2098 944 2141 Camtschatico
980 2099 1266 2155 promontorio
1302 2099 1487 2139 vicinum
1524 2110 1567 2139 et
1608 2098 1767 2138 dictum
1811 2100 1862 2140 ab
1904 2098 1990 2138 illis
2031 2084 2096 2138 Si-'

415 2177 597 2216 wutschii
626 2177 803 2220 Kamen‚·
833 2189 909 2215 nec
939 2190 1029 2215 raro
1059 2190 1170 2214 mare
1194 2174 1434 2216 Ochotense
1464 2173 1710 2214 subintrant.
1767 2177 1981 2214 Autumno
2006 2188 2089 2212 ma-

416 2261 498 2290 tres
527 2250 571 2289 in
601 2249 742 2290 littore
772 2249 937 2303 pariunt
970 2251 1127 2290 catulos
1155 2250 1352 2306 singulos.
1421 2254 1531 2290 Vere
1569 2256 1720 2291 eo'eunt
1748 2248 1793 2289 in
1822 2248 1964 2289 littore
1993 2258 2088 2287 ante

420 2323 591 2363 abitum.
661 2326 730 2364 Ad
759 2324 1083 2378 septentrionem
1112 2325 1337 2365 insularum
1365 2325 1474 2365 inter
1504 2324 1837 2366 Camtschatcam
1879 2335 1921 2364 et
1962 2325 2087 2362 Ame-

420 2396 549 2438 ricam
577 2414 660 2438 non
689 2410 933 2454 evagantur,
964 2414 1040 2439 nec
1069 2399 1155 2439 fere
1185 2400 1368 2441 borealia
1396 2399 1564 2444 illarum
1593 2399 1733 2439 littora
1763 2399 1928 2438 adeum.
1998 2400 2086 2438 Ma-
