2196 2927
376 295 455 335 lior
484 303 525 334 et
555 291 786 347 elegantior
815 291 1004 347 proxime
1034 291 1397 346 praecedentibus,
1444 289 1514 330 sed.
1559 305 1688 345 aeque
1728 291 1869 338 foeda,
1911 304 1953 332 et
1992 306 2047 333 re·

377 380 519 410 center
564 367 663 408 licet
701 367 862 415 occisa,
904 366 1094 407 carnibus
1135 366 1215 405 suis
1255 366 1532 422 putidissima.
1604 366 1795 406 Pediculo
1837 365 2051 407 infestatur

377 444 558 492 minuto,
588 444 792 497 oblongo,
831 442 1047 482 celerrime
1077 442 1120 481 in
1150 441 1303 496 plumis
1333 441 1604 481 discurrente.

514 520 684 558 Descr.
741 518 986 571 Ilsczgnitudo
1015 517 1147 564 Galli,
1189 518 1376 572 adeoque
1413 517 1457 556 in
1496 531 1567 556 suo
1604 529 1754 570 genere
1784 515 1907 555 facile
1937 517 2049 556 mini-

379 609 459 634 ma.
518 596 707 634 Rostrum
735 593 819 632 fere
851 592 965 639 Lari,
997 593 1291 639 subfalcatum,
1320 591 1655 640 teretiusculum,
1687 590 1872 646 nigrum3
1904 592 2056 632 mandi--

381 671 477 710 bula
507 668 715 723 superiore
747 668 960 712 uncinata,
993 669 1216 719 inferiorem
1245 682 1327 707 non
1356 666 1591 721 vaginante.
1664 668 1767 706 Cera
1797 667 1903 706 ultra
1935 666 2056 706 dimi-

380 744 498 784 dium
528 742 647 782 rostri
678 741 847 789 citrum,
881 742 1044 781 naribus
1074 741 1436 795 longitudinaliter
1465 741 1680 796 oblongis,
1725 739 1961 788 hiantibus,
1993 757 2059 781 an—

380 830 557 858 trorsum
588 817 742 856 effusis.
803 816 1049 856 mandibula
1081 818 1261 868 inferior,
1292 831 1373 869 quo
1404 831 1530 869 usque
1561 831 1672 864 cera,
1712 816 1866 871 pariter
1895 816 2059 856 citrina.

381 895 522 933 Rictus
553 891 847 947 amplissimus3
878 895 1019 944 lingua
1043 890 1178 944 nigra,
1212 892 1335 944 longe
1360 905 1454 929 cum
1478 889 1655 944 glottide
1680 893 1926 940 exserenda,
1959 906 2062 931 cras-

384 984 446 1018 sa,
478 966 773 1016 canaliculata,
806 966 924 1021 apice
955 965 1134 1020 integra,
1167 966 1399 1005 rotundam.
1459 967 1592 1020 Caput
1622 966 1727 1004 ultra
1757 966 1898 1006 oculos
1929 977 1971 1005 et
1999 982 2064 1005 au-

385 1058 470 1092 res,
516 1053 558 1081 et
600 1043 695 1096 gula
738 1043 820 1082 late
868 1039 998 1087 nuda,
1042 1040 1322 1095 rugosissima,
1364 1039 1647 1095 pulcherrima
1689 1039 1817 1080 citrea
1860 1040 2065 1081 flavedine

385 1117 538 1165 tincta3
569 1120 691 1157 litura
721 1115 829 1156 inter
858 1117 999 1157 oculos
1030 1126 1071 1155 et
1101 1130 1219 1155 nares
1250 1115 1662 1156 virescenti-livida.
1721 1115 1901 1156 Flavedo
1931 1115 2068 1156 omnis>

385 1203 480 1248 post
522 1203 698 1232 mortem
743 1192 885 1232 evadit
926 1192 1217 1232 aureo-fulva.
1290 1193 1494 1244 Ingluvies
1534 1190 1787 1245 amplissime
1831 1190 2064 1239 dilatanda,

383 1282 577 1315 carnosa,
609 1267 676 1306 cui
706 1278 824 1306 extus
852 1266 897 1306 in
927 1267 1067 1319 jugulo
1098 1266 1322 1319 respondet
1350 1280 1445 1304 area
1474 1265 1578 1313 lata,
1611 1264 1811 1318 oblonga,
1844 1266 1974 1314 nuda,
2005 1280 2066 1304 rw

383 1357 505 1397 gosa,
549 1341 712 1381 citrina.
742 1366 795 1372 ——-
833 1341 953 1380 Oculi
980 1339 1157 1379 iridibus
1186 1339 1334 1393 nigris,
1378 1341 1714 1394 periophthalmio
1758 1340 1899 1379 fusco·
1922 1339 2067 1394 margi-

389 1429 502 1457 nato.
559 1416 782 1471 Palpebrae
812 1416 966 1464 nudae,
999 1414 1123 1454 faciei
1154 1415 1408 1454 concolores.
1479 1415 1652 1454 Aurium
1682 1425 1895 1469 aperturae
1926 1415 2069 1454 oblon-

385 1507 487 1546 gae,
518 1492 673 1539 nudae,
704 1489 892 1536 hiantes,
923 1505 993 1529 ora
1014 1490 1124 1529 intus
1157 1489 1255 1544 pilis
1285 1489 1453 1544 sparsis,
1487 1488 1720 1529 albidis.—
1751 1491 1898 1529 Vertex
1922 1490 2071 1543 angulo

390 1566 636 1620 lanuginoso
667 1581 688 1604 a
718 1563 855 1604 nucha
884 1576 1165 1619 procurrente.
1237 1564 1421 1619 Occiput
1450 1575 1492 1604 et
1519 1563 1656 1604 nucha
1696 1567 1844 1618 plumis
1885 1568 2073 1618 arriguz's,

392 1640 639 1688 linearibus,
683 1644 754 1693 (ut
782 1640 826 1679 in
856 1640 975 1694 gallis
1006 1639 1191 1680 castratis
1222 1644 1341 1690 sunt)
1372 1638 1683 1694 gryseo—albis.
1756 1638 1942 1680 Cervicis
1984 1639 2071 1693 plu-

394 1731 486 1756 mae
517 1726 681 1765 acutae,
715 1729 861 1769 gryseo
890 1715 1227 1769 subinquinatae3
1262 1717 1385 1754 Dorsz'
1414 1713 1679 1753 transversim
1703 1714 1946 1760 undulatae,
1977 1728 2072 1767 qua—

395 1790 430 1829 si
461 1790 673 1838 sordidae,
719 1788 901 1829 maxime
940 1789 1028 1828 alae
1068 1788 1229 1843 spuriae
1268 1799 1308 1827 et
1339 1787 1509 1828 brachia
1539 1789 1709 1827 alarum.
1781 1790 1936 1841 Corpus
1977 1802 2072 1826 cum

397 1864 531 1903 cauda
561 1864 751 1910 niveum,
782 1862 892 1902 circa
920 1863 1106 1916 jugulum
1135 1873 1295 1902 tantum
1327 1860 1738 1915 gryseo-sordidatis
1759 1861 1925 1916 plumis.
1968 1864 2073 1902 Alae

398 1939 625 1985 maximae3
671 1942 841 1990 remiges
870 1946 907 1979 5.
938 1943 1130 1992 primores
1171 1936 1296 1976 interi
1314 1951 1366 1976 fre
1403 1936 1563 1976 vexillo
1592 1952 1730 1976 versus
1761 1936 1923 1991 apicem
1952 1937 2072 1976 falca-

397 2012 475 2052 tim
506 2012 693 2059 excisae,
729 2017 847 2052 tertia
876 2011 1138 2067 longissima,
1183 2018 1205 2052 3
1236 2022 1278 2051 et
1307 2020 1346 2061 4.
1375 2010 1582 2051 exteriore
1613 2011 1773 2051 vexillo
1802 2011 1971 2052 albido-
1989 2027 2075 2051 um—

398 2089 537 2137 brato,
568 2102 706 2127 versus
735 2098 969 2127 extremum
999 2097 1235 2142 angustato,
1264 2097 1382 2127 sexta
1413 2088 1464 2126 ad
1486 2103 1631 2128 nonam
1657 2087 1865 2128 exteriore
1893 2087 2073 2141 margine

402 2163 793 2209 albido-umbrata3
831 2180 870 2209 1,
901 2179 945 2209 2,
977 2170 998 2204 5
1023 2173 1065 2202 et
1093 2179 1134 2202 10
1162 2161 1251 2201 sine
1275 2161 1486 2202 albedine.
1545 2164 1812 2203 Secundariae
1842 2180 1901 2215 17.
1932 2175 2076 2202 omnes

400 2237 632 2287 exteriore,
676 2237 839 2292 corpori
881 2236 1045 2277 vicinae
1082 2236 1209 2277 etiam
1239 2236 1437 2278 interiore
1468 2237 1626 2278 vexillo
1670 2249 2073 2293 gryseo—canescen—

403 2321 486 2361 tes,
528 2312 696 2352 sordido
725 2313 1012 2359 adumbratae,
1054 2313 1193 2353 subtus
1234 2327 1377 2353 omnes
1417 2312 1575 2368 nigrae.
1652 2314 1854 2354 Tectrices
1897 2311 2073 2367 priores,

400 2399 501 2425 cum
531 2387 639 2427 alula
665 2387 830 2442 nigrae,
868 2387 1136 2430 secundariae
1175 2387 1358 2440 albidae,
1403 2389 1847 2445 gryseo-fuseescente
1892 2385 2068 2426 sordida>
